%DPG
@article{Beringer:1900zz,
      author         = "Beringer, J. and others",
      title          = "{Review of Particle Physics (RPP)}",
      collaboration  = "Particle Data Group",
      journal        = "Phys.Rev.",
      volume         = "D86",
      pages          = "010001",
      doi            = "10.1103/PhysRevD.86.010001",
      year           = "2012",
      SLACcitation   = "%%CITATION = PHRVA,D86,010001;%%",
}

%7TeV analysis
@custom{PAS-SUS-11-028,
      COLLABORATION = {CMS Collaboration},
      TITLE       = "Search for Supersymmetry in Final States with a Single Lepton, B-jets, and Missing Transverse Energy in Proton-Proton Collisions at $\sqrt{s}$=7 {TeV}",
      URL         = "https://cdsweb.cern.ch/record/1445894",
      TYPE     = "CMS Physics Analysis Summary",
      NUMBER      = "CMS-PAS-SUS-11-028",
      YEAR        = "2012",
      cds         = "1445894"
}

@article{Chatrchyan:2012sca,
      author         = "Chatrchyan, Serguei and others",
      title          = "{Search for supersymmetry in final states with a single
                        lepton, $b$-quark jets, and missing transverse energy in
                        proton-proton collisions at $\sqrt{s}=7$ TeV}",
      collaboration  = "CMS Collaboration",
      journal        = "Phys.Rev.",
      number         = "5",
      volume         = "D87",
      pages          = "052006",
      doi            = "10.1103/PhysRevD.87.052006",
      year           = "2013",
      eprint         = "1211.3143",
      archivePrefix  = "arXiv",
      primaryClass   = "hep-ex",
      reportNumber   = "CMS-SUS-11-028, CERN-PH-EP-2012-316",
      SLACcitation   = "%%CITATION = ARXIV:1211.3143;%%",
}

%12-023
@custom{AN2013_089,
      collaboration = "{CMS Collaboration}",
      TITLE         = "{Search for Direct Top Squark Pair Production in the Single Lepton Channel with Transverse Mass at 8 TeV}",
      reportNumber  = "CMS AN2013/039",
      YEAR          = "2013",
      note          = "Unpublished. Available at \href{http://cms.cern.ch/iCMS/jsp/openfile.jsp?tp=draft&files=AN2013_089_v9.pdf}
      {\texttt{http://cms.cern.ch/iCMS/jsp/openfile.jsp?tp=draft\\\&files=AN2013\_089\_v9.pdf}}"
      urlo          = "{http://cms.cern.ch/iCMS/jsp/openfile.jsp?files=AN2013_089_v9.pdf&tp=draft}"
}


@article{Chatrchyan:2013xna,
      author         = "Chatrchyan, Serguei and others",
      title          = "{Search for top-squark pair production in the
                        single-lepton final state in pp collisions at $\sqrt{s}$ =
                        8 TeV}",
      collaboration  = "CMS Collaboration",
      journal        = "Eur.Phys.J.",
      volume         = "C73",
      pages          = "2677",
      doi            = "10.1140/epjc/s10052-013-2677-2",
      year           = "2013",
      eprint         = "1308.1586",
      archivePrefix  = "arXiv",
      primaryClass   = "hep-ex",
      reportNumber   = "CMS-SUS-13-011, CERN-PH-EP-2013-148",
      SLACcitation   = "%%CITATION = ARXIV:1308.1586;%%",
}

%razor
@custom{CMS:2014wsa,
      author         = "CMS Collaboration",
      title          = "{Exclusion limits on gluino and top-squark pair
                        production in natural SUSY scenarios with inclusive razor
                        and exclusive single-lepton searches at 8 TeV.}",
      collaboration  = "CMS Collaboration",
      year           = "2014",
      type           = "CMS Physics Analysis Summary",
      reportNumber   = "CMS-PAS-SUS-14-011",
      SLACcitation   = "%%CITATION = CMS-PAS-SUS-14-011 ETC.;%%",
      inspirehep     = "1307874"
}

%atlas
@article{Aad:2014kra,
      author         = "Aad, Georges and others",
      title          = "{Search for top squark pair production in final states
                        with one isolated lepton, jets, and missing transverse
                        momentum in $\sqrt{s}=$ 8 TeV pp collisions with the ATLAS
                        detector}",
      collaboration  = " ATLAS Collaboration",
      year           = "2014",
      eprint         = "1407.0583",
      archivePrefix  = "arXiv",
      primaryClass   = "hep-ex",
      reportNumber   = "CERN-PH-EP-2014-143",
      SLACcitation   = "%%CITATION = ARXIV:1407.0583;%%",
}


%%%%%%%%%%%%%%%%%%%%%%%%%%%%%%%%%%
%%%%%%%%%%%%%%%%%%%%%%%%%%%%%%%%%%
%%                              %%
%% S T A N D A R D   M O D E L  %%
%%                              %%
%%%%%%%%%%%%%%%%%%%%%%%%%%%%%%%%%%
%%%%%%%%%%%%%%%%%%%%%%%%%%%%%%%%%%

%Textbooks
@book{Griffiths:2008zz,
      author         = "Griffiths, David",
      title          = "{Introduction to elementary particles}",
      year           = "2008",
      publisher		= "Wiley-VCH",
      reportNumber   = "ISBN-9783527406012",
      SLACcitation   = "%%CITATION = ISBN-9783527406012 ETC.;%%",
}

@book{Halzen:1984mc,
      author         = "Halzen, F. and Martin, Alan D.",
      title          = "{Quarks and Leptons: an introductory course in modern Particle Physics}",
      year           = "1984",
      publisher		= "John Wiley \& Sons",
      reportNumber   = "ISBN-9780471887416",
      SLACcitation   = "%%CITATION = ISBN-9780471887416 ETC.;%%",
}

@book{Perkins:1982xb,
      author         = "Perkins, D.H.",
      title          = "{Introduction to high energy physics}",
      year           = "1982",
      publisher		= "Cambridge University Press",
      reportNumber   = "ISBN-9780521621960",
      SLACcitation   = "%%CITATION = ISBN-9780521621960 ETC.;%%",
}

@book{Baer:2006rs,
      author         = "Baer, H. and Tata, X.",
      title          = "{Weak scale supersymmetry: From superfields to scattering
                        events}",
      year           = "2006",
      publisher		= "Cambridge University Press",
      reportNumber   = "ISBN-9780521290319",
      SLACcitation   = "%%CITATION = INSPIRE-728103;%%",
}

%Reviews

@article{Martin:1997ns,
      author         = "Martin, Stephen P.",
      title          = "{A Supersymmetry primer}",
      journal        = "Adv.Ser.Direct.High Energy Phys.",
      volume         = "21",
      pages          = "1-153",
      doi            = "10.1142/9789814307505\_0001",
      year           = "2010",
      eprint         = "hep-ph/9709356",
      archivePrefix  = "arXiv",
      primaryClass   = "hep-ph",
      SLACcitation   = "%%CITATION = HEP-PH/9709356;%%",
}

%Gargamelle
@article{Hasert:1973ff,
      author         = "Hasert, F.J. and others",
      title          = "{Observation of Neutrino Like Interactions Without Muon
                        Or Electron in the Gargamelle Neutrino Experiment}",
      collaboration  = "Gargamelle Neutrino Collaboration",
      journal        = "Phys.Lett.",
      volume         = "B46",
      pages          = "138-140",
      doi            = "10.1016/0370-2693(73)90499-1",
      year           = "1973",
      SLACcitation   = "%%CITATION = PHLTA,B46,138;%%",
}

%EW
@article{Glashow:1961tr,
      author         = "Glashow, S.L.",
      title          = "{Partial Symmetries of Weak Interactions}",
      journal        = "Nucl.Phys.",
      volume         = "22",
      pages          = "579-588",
      doi            = "10.1016/0029-5582(61)90469-2",
      year           = "1961",
      SLACcitation   = "%%CITATION = NUPHA,22,579;%%",
}

%Higgs theory
@article{Englert:1964et,
      author         = "Englert, F. and Brout, R.",
      title          = "{Broken Symmetry and the Mass of Gauge Vector Mesons}",
      journal        = "Phys.Rev.Lett.",
      volume         = "13",
      pages          = "321-323",
      doi            = "10.1103/PhysRevLett.13.321",
      year           = "1964",
      SLACcitation   = "%%CITATION = PRLTA,13,321;%%",
}

@article{Higgs:1964pj,
      author         = "Higgs, Peter W.",
      title          = "{Broken Symmetries and the Masses of Gauge Bosons}",
      journal        = "Phys.Rev.Lett.",
      volume         = "13",
      pages          = "508-509",
      doi            = "10.1103/PhysRevLett.13.508",
      year           = "1964",
      SLACcitation   = "%%CITATION = PRLTA,13,508;%%",
}


%higgs exp
@article{Aad:2012tfa,
      author         = "Aad, Georges and others",
      title          = "{Observation of a new particle in the search for the
                        Standard Model Higgs boson with the ATLAS detector at the
                        LHC}",
      collaboration  = "ATLAS Collaboration",
      journal        = "Phys.Lett.",
      volume         = "B716",
      pages          = "1-29",
      doi            = "10.1016/j.physletb.2012.08.020",
      year           = "2012",
      eprint         = "1207.7214",
      archivePrefix  = "arXiv",
      primaryClass   = "hep-ex",
      reportNumber   = "CERN-PH-EP-2012-218",
      SLACcitation   = "%%CITATION = ARXIV:1207.7214;%%",
}

@article{Chatrchyan:2012ufa,
      author         = "Chatrchyan, Serguei and others",
      title          = "{Observation of a new boson at a mass of 125 GeV with the
                        CMS experiment at the LHC}",
      collaboration  = "CMS Collaboration",
      journal        = "Phys.Lett.",
      volume         = "B716",
      pages          = "30-61",
      doi            = "10.1016/j.physletb.2012.08.021",
      year           = "2012",
      eprint         = "1207.7235",
      archivePrefix  = "arXiv",
      primaryClass   = "hep-ex",
      reportNumber   = "CMS-HIG-12-028, CERN-PH-EP-2012-220",
      SLACcitation   = "%%CITATION = ARXIV:1207.7235;%%",
}

%sm fitting
@article{Baak:2012kk,
      author         = "Baak, M. and Goebel, M. and Haller, J. and Hoecker, A.
                        and Kennedy, D. and others",
      title          = "{The Electroweak Fit of the Standard Model after the
                        Discovery of a New Boson at the LHC}",
      journal        = "Eur.Phys.J.",
      volume         = "C72",
      pages          = "2205",
      doi            = "10.1140/epjc/s10052-012-2205-9",
      year           = "2012",
      eprint         = "1209.2716",
      archivePrefix  = "arXiv",
      primaryClass   = "hep-ph",
      reportNumber   = "DESY-12-154",
      SLACcitation   = "%%CITATION = ARXIV:1209.2716;%%",
}

%neutrino oscillations
@article{An:2012eh,
      author         = "An, F.P. and others",
      title          = "{Observation of electron-antineutrino disappearance at
                        Daya Bay}",
      collaboration  = "DAYA-BAY Collaboration",
      journal        = "Phys.Rev.Lett.",
      volume         = "108",
      pages          = "171803",
      doi            = "10.1103/PhysRevLett.108.171803",
      year           = "2012",
      eprint         = "1203.1669",
      archivePrefix  = "arXiv",
      primaryClass   = "hep-ex",
      SLACcitation   = "%%CITATION = ARXIV:1203.1669;%%",
}

%dark matter
@article{Abazajian:2006yn,
      author         = "Abazajian, Kevork and Koushiappas, Savvas M.",
      title          = "{Constraints on Sterile Neutrino Dark Matter}",
      journal        = "Phys.Rev.",
      volume         = "D74",
      pages          = "023527",
      doi            = "10.1103/PhysRevD.74.023527",
      year           = "2006",
      eprint         = "astro-ph/0605271",
      archivePrefix  = "arXiv",
      primaryClass   = "astro-ph",
      reportNumber   = "LA-UR-06-2765",
      SLACcitation   = "%%CITATION = ASTRO-PH/0605271;%%",
}

%cmb
@article{Jarosik:2010iu,
      author         = "Jarosik, N. and Bennett, C.L. and Dunkley, J. and Gold,
                        B. and Greason, M.R. and others",
      title          = "{Seven-Year Wilkinson Microwave Anisotropy Probe (WMAP)
                        Observations: Sky Maps, Systematic Errors, and Basic
                        Results}",
      journal        = "Astrophys.J.Suppl.",
      volume         = "192",
      pages          = "14",
      doi            = "10.1088/0067-0049/192/2/14",
      year           = "2011",
      eprint         = "1001.4744",
      archivePrefix  = "arXiv",
      primaryClass   = "astro-ph.CO",
      SLACcitation   = "%%CITATION = ARXIV:1001.4744;%%",
}

@article{Ade:2013zuv,
      author         = "Ade, P.A.R. and others",
      title          = "{Planck 2013 results. XVI. Cosmological parameters}",
      collaboration  = "Planck Collaboration",
      journal        = "Astron.Astrophys.",
      doi            = "10.1051/0004-6361/201321591",
      year           = "2014",
      eprint         = "1303.5076",
      archivePrefix  = "arXiv",
      primaryClass   = "astro-ph.CO",
      SLACcitation   = "%%CITATION = ARXIV:1303.5076;%%",
}

%accelerating universe
@article{Riess:1998cb,
      author         = "Riess, Adam G. and others",
      title          = "{Observational evidence from supernovae for an
                        accelerating universe and a cosmological constant}",
      collaboration  = "Supernova Search Team",
      journal        = "Astron.J.",
      volume         = "116",
      pages          = "1009-1038",
      doi            = "10.1086/300499",
      year           = "1998",
      eprint         = "astro-ph/9805201",
      archivePrefix  = "arXiv",
      primaryClass   = "astro-ph",
      SLACcitation   = "%%CITATION = ASTRO-PH/9805201;%%",
}

@article{Paal:1991pk,
      author         = "Paal, G. and Horvath, I. and Lukacs, B.",
      title          = "{Inflation and compactification from galaxy redshifts?}",
      year           = "1991",
      reportNumber   = "KFKI-1991-19-B",
      SLACcitation   = "%%CITATION = KFKI-1991-19-B ETC.;%%",
}

%cosmology
@book{Kolb:1990vq,
      author         = "Kolb, Edward W. and Turner, Michael S.",
      title          = "{The Early Universe}",
      publisher		= "Westview Press",
      reportNumber	= "ISBN-9780201626742",
      year           = "1994",
      SLACcitation   = "%%CITATION = FRPHA,69,1;%%",
}

%QFT
@book{Zee:2003mt,
      author         = "Zee, A.",
      title          = "{Quantum field theory in a nutshell}",
      year           = "2003",
      publisher		= "Princeton University Press",
      reportNumber   = "ISBN-9780691140346",
      SLACcitation   = "%%CITATION = ISBN-9780691140346 ETC.;%%",
}

%GUT
@article{Ross:1985ai,
      author         = "Ross, Graham G.",
      title          = "{Grand Unified Theories}",
      year           = "1985",
      publisher		= "Westview Press",
      reportNumber	= "ISBN-9780805369687",
      SLACcitation   = "%%CITATION = INSPIRE-220986;%%",
}

%unitary bounds
@article{Dicus:1992vj,
      author         = "Dicus, D.A. and Mathur, V.S.",
      title          = "{Upper bounds on the values of masses in unified gauge
                        theories}",
      journal        = "Phys.Rev.",
      volume         = "D7",
      pages          = "3111-3114",
      doi            = "10.1103/PhysRevD.7.3111",
      year           = "1973",
      SLACcitation   = "%%CITATION = PHRVA,D7,3111;%%",
}

@article{Lee:1977eg,
      author         = "Lee, Benjamin W. and Quigg, C. and Thacker, H.B.",
      title          = "{Weak Interactions at Very High-Energies: The Role of the
                        Higgs Boson Mass}",
      journal        = "Phys.Rev.",
      volume         = "D16",
      pages          = "1519",
      doi            = "10.1103/PhysRevD.16.1519",
      year           = "1977",
      reportNumber   = "FERMILAB-PUB-77-030-THY, FERMILAB-PUB-77-030-T",
      SLACcitation   = "%%CITATION = PHRVA,D16,1519;%%",
}

%SUSY
@article{Volkov:1973ix,
      author         = "Volkov, D.V. and Akulov, V.P.",
      title          = "{Is the Neutrino a Goldstone Particle?}",
      journal        = "Phys.Lett.",
      volume         = "B46",
      pages          = "109-110",
      doi            = "10.1016/0370-2693(73)90490-5",
      year           = "1973",
      SLACcitation   = "%%CITATION = PHLTA,B46,109;%%",
}

@article{Golfand:1971iw,
      author         = "Golfand, Yu.A. and Likhtman, E.P.",
      title          = "{Extension of the Algebra of Poincare Group Generators
                        and Violation of p Invariance}",
      journal        = "JETP Lett.",
      volume         = "13",
      pages          = "323-326",
      year           = "1971",
      SLACcitation   = "%%CITATION = JTPLA,13,323;%%",
}

@article{Wess:1974jb,
      author         = "Wess, J. and Zumino, B.",
      title          = "{Supergauge Invariant Extension of Quantum
                        Electrodynamics}",
      journal        = "Nucl.Phys.",
      volume         = "B78",
      pages          = "1",
      doi            = "10.1016/0550-3213(74)90112-6",
      year           = "1974",
      reportNumber   = "CERN-TH-1857",
      SLACcitation   = "%%CITATION = NUPHA,B78,1;%%",
}

%Fit before lhc
@article{Buchmueller:2009fn,
      author         = "Buchmueller, O. and Cavanaugh, R. and De Roeck, A. and
                        Ellis, J.R. and Flacher, H. and others",
      title          = "{Likelihood Functions for Supersymmetric Observables in
                        Frequentist Analyses of the CMSSM and NUHM1}",
      journal        = "Eur.Phys.J.",
      volume         = "C64",
      pages          = "391-415",
      doi            = "10.1140/epjc/s10052-009-1159-z",
      year           = "2009",
      eprint         = "0907.5568",
      archivePrefix  = "arXiv",
      primaryClass   = "hep-ph",
      reportNumber   = "CERN-PH-TH-2009-124, FERMILAB-PUB-09-864",
      SLACcitation   = "%%CITATION = ARXIV:0907.5568;%%",
}

%Fit after
@article{Ellis:2012nv,
      author         = "Ellis, John and Luo, Feng and Olive, Keith A. and
                        Sandick, Pearl",
      title          = "{The Higgs Mass beyond the CMSSM}",
      journal        = "Eur.Phys.J.",
      volume         = "C73",
      pages          = "2403",
      doi            = "10.1140/epjc/s10052-013-2403-0",
      year           = "2013",
      eprint         = "1212.4476",
      archivePrefix  = "arXiv",
      primaryClass   = "hep-ph",
      reportNumber   = "KCL-PH-TH-2012-47, LCTS-2012-33, CERN-PH-TH-2012-343,
                        UMN-TH-3128-12, FTPI-MINN-12-39",
      SLACcitation   = "%%CITATION = ARXIV:1212.4476;%%",
}

@article{Fowlie:2012im,
      author         = "Fowlie, Andrew and Kazana, Malgorzata and Kowalska,
                        Kamila and Munir, Shoaib and Roszkowski, Leszek and
                        others",
      title          = "{The CMSSM Favoring New Territories: The Impact of New
                        LHC Limits and a 125 GeV Higgs}",
      journal        = "Phys.Rev.",
      volume         = "D86",
      pages          = "075010",
      doi            = "10.1103/PhysRevD.86.075010",
      year           = "2012",
      eprint         = "1206.0264",
      archivePrefix  = "arXiv",
      primaryClass   = "hep-ph",
      SLACcitation   = "%%CITATION = ARXIV:1206.0264;%%",
}

%B sub s
@article{Aaij:2013aka,
      author         = "Aaij, R. and others",
      title          = "{Measurement of the $B^0_s \to \mu^+ \mu^-$ branching
                        fraction and search for $B^0 \to \mu^+ \mu^-$ decays at
                        the LHCb experiment}",
      collaboration  = "LHCb collaboration",
      journal        = "Phys.Rev.Lett.",
      volume         = "111",
      pages          = "101805",
      doi            = "10.1103/PhysRevLett.111.101805",
      year           = "2013",
      eprint         = "1307.5024",
      archivePrefix  = "arXiv",
      primaryClass   = "hep-ex",
      reportNumber   = "CERN-PH-EP-2013-128, LHCB-PAPER-2013-046",
      SLACcitation   = "%%CITATION = ARXIV:1307.5024;%%",
}



%naturalness
@article{Papucci:2011wy,
      author         = "Papucci, Michele and Ruderman, Joshua T. and Weiler,
                        Andreas",
      title          = "{Natural SUSY Endures}",
      journal        = "JHEP",
      volume         = "1209",
      pages          = "035",
      doi            = "10.1007/JHEP09(2012)035",
      year           = "2012",
      eprint         = "1110.6926",
      archivePrefix  = "arXiv",
      primaryClass   = "hep-ph",
      reportNumber   = "DESY-11-193, CERN-PH-TH-265",
      SLACcitation   = "%%CITATION = ARXIV:1110.6926;%%",
}

%cross sections
@article{Beenakker:1997ut,
      author         = "Beenakker, W. and Kramer, M. and Plehn, T. and Spira, M.
                        and Zerwas, P.M.",
      title          = "{Stop production at hadron colliders}",
      journal        = "Nucl.Phys.",
      volume         = "B515",
      pages          = "3-14",
      doi            = "10.1016/S0550-3213(98)00014-5",
      year           = "1998",
      eprint         = "hep-ph/9710451",
      archivePrefix  = "arXiv",
      primaryClass   = "hep-ph",
      reportNumber   = "DESY-97-214, CERN-TH-97-177, RAL-TR-97-056",
      SLACcitation   = "%%CITATION = HEP-PH/9710451;%%",
}

@article{Beenakker:2010nq,
      author         = "Beenakker, Wim and Brensing, Silja and Kramer, Michael
                        and Kulesza, Anna and Laenen, Eric and others",
      title          = "{Supersymmetric top and bottom squark production at
                        hadron colliders}",
      journal        = "JHEP",
      volume         = "1008",
      pages          = "098",
      doi            = "10.1007/JHEP08(2010)098",
      year           = "2010",
      eprint         = "1006.4771",
      archivePrefix  = "arXiv",
      primaryClass   = "hep-ph",
      reportNumber   = "CERN-PH-TH-2010-142, ITFA-2010-015, ITP-UU-10-17,
                        NIKHEF-2010-016, TTK-10-33",
      SLACcitation   = "%%CITATION = ARXIV:1006.4771;%%",
}

@article{Beenakker:2011fu,
      author         = "Beenakker, W. and Brensing, S. and Kramer, M.n and
                        Kulesza, A. and Laenen, E. and others",
      title          = "{Squark and Gluino Hadroproduction}",
      journal        = "Int.J.Mod.Phys.",
      volume         = "A26",
      pages          = "2637-2664",
      doi            = "10.1142/S0217751X11053560",
      year           = "2011",
      eprint         = "1105.1110",
      archivePrefix  = "arXiv",
      primaryClass   = "hep-ph",
      reportNumber   = "DESY-11-060, ITFA-11-09, ITP-UU-11-13, NIKHEF-2011-011,
                        TTK-11-12",
      SLACcitation   = "%%CITATION = ARXIV:1105.1110;%%",
}

@article{Kramer:2012bx,
      author         = "Kramer, Michael and Kulesza, Anna and van der Leeuw,
                        Robin and Mangano, Michelangelo and Padhi, Sanjay and
                        others",
      title          = "{Supersymmetry production cross sections in $pp$
                        collisions at $\sqrt{s}=7$ TeV}",
      year           = "2012",
      eprint         = "1206.2892",
      archivePrefix  = "arXiv",
      primaryClass   = "hep-ph",
      reportNumber   = "CERN-PH-TH-2012-163",
      SLACcitation   = "%%CITATION = ARXIV:1206.2892;%%",
}



%Little Higgs
@article{Cheng:2003ju,
      author         = "Cheng, Hsin-Chia and Low, Ian",
      title          = "{TeV symmetry and the little hierarchy problem}",
      journal        = "JHEP",
      volume         = "0309",
      pages          = "051",
      doi            = "10.1088/1126-6708/2003/09/051",
      year           = "2003",
      eprint         = "hep-ph/0308199",
      archivePrefix  = "arXiv",
      primaryClass   = "hep-ph",
      reportNumber   = "HUTP-03-A051",
      SLACcitation   = "%%CITATION = HEP-PH/0308199;%%",
}

@article{Cheng:2004yc,
      author         = "Cheng, Hsin-Chia and Low, Ian",
      title          = "{Little hierarchy, little Higgses, and a little
                        symmetry}",
      journal        = "JHEP",
      volume         = "0408",
      pages          = "061",
      doi            = "10.1088/1126-6708/2004/08/061",
      year           = "2004",
      eprint         = "hep-ph/0405243",
      archivePrefix  = "arXiv",
      primaryClass   = "hep-ph",
      SLACcitation   = "%%CITATION = HEP-PH/0405243;%%",
}

@article{Cheng:2005as,
      author         = "Cheng, Hsin-Chia and Low, Ian and Wang, Lian-Tao",
      title          = "{Top partners in little Higgs theories with T-parity}",
      journal        = "Phys.Rev.",
      volume         = "D74",
      pages          = "055001",
      doi            = "10.1103/PhysRevD.74.055001",
      year           = "2006",
      eprint         = "hep-ph/0510225",
      archivePrefix  = "arXiv",
      primaryClass   = "hep-ph",
      SLACcitation   = "%%CITATION = HEP-PH/0510225;%%",
}

@article{Eberhardt:2012gv,
      author         = "Eberhardt, Otto and Herbert, Geoffrey and Lacker, Heiko
                        and Lenz, Alexander and Menzel, Andreas and others",
      title          = "{Impact of a Higgs boson at a mass of 126 GeV on the
                        standard model with three and four fermion generations}",
      journal        = "Phys.Rev.Lett.",
      volume         = "109",
      pages          = "241802",
      doi            = "10.1103/PhysRevLett.109.241802",
      year           = "2012",
      eprint         = "1209.1101",
      archivePrefix  = "arXiv",
      primaryClass   = "hep-ph",
      reportNumber   = "TTP12-034",
      SLACcitation   = "%%CITATION = ARXIV:1209.1101;%%",
}

@article{Aguilar-Saavedra:2013qpa,
      author         = "Aguilar-Saavedra, J.A. and Benbrik, R. and Heinemeyer, S.
                        and Pérez-Victoria, M.",
      title          = "{Handbook of vectorlike quarks: Mixing and single
                        production}",
      journal        = "Phys.Rev.",
      number         = "9",
      volume         = "D88",
      pages          = "094010",
      doi            = "10.1103/PhysRevD.88.094010",
      year           = "2013",
      eprint         = "1306.0572",
      archivePrefix  = "arXiv",
      primaryClass   = "hep-ph",
      SLACcitation   = "%%CITATION = ARXIV:1306.0572;%%",
}

%recast Marco

@article{Reuter:2013zja,
      author         = "Reuter, Jürgen and Tonini, Marco and de Vries, Maikel",
      title          = "{Little Higgs Model Limits from LHC - Input for Snowmass
                        2013}",
      year           = "2013",
      eprint         = "1307.5010",
      archivePrefix  = "arXiv",
      primaryClass   = "hep-ph",
      reportNumber   = "DESY-13-114",
      SLACcitation   = "%%CITATION = ARXIV:1307.5010;%%",
}

@article{Reuter:2013iya,
      author         = "Reuter, Jürgen and Tonini, Marco and de Vries, Maikel",
      title          = "{Littlest Higgs with T-parity: Status and Prospects}",
      journal        = "JHEP",
      volume         = "1402",
      pages          = "053",
      doi            = "10.1007/JHEP02(2014)053",
      year           = "2014",
      eprint         = "1310.2918",
      archivePrefix  = "arXiv",
      primaryClass   = "hep-ph",
      reportNumber   = "DESY-13-123",
      SLACcitation   = "%%CITATION = ARXIV:1310.2918;%%",
}


%UED

@article{kaluza,
      author         = "Kaluza, Th.",
      title          = "{um Unitätsproblem der Physik}",
      journal        = "Sitzungsber. d. Preuss. Akad. d. Wiss.",
      pages          = "966-972",
      year           = "1921",
}

@article{Klein:1926tv,
      author         = "Klein, O.",
      title          = "{Quantum Theory and Five-Dimensional Theory of
                        Relativity. (In German and English)}",
      journal        = "Z.Phys.",
      volume         = "37",
      pages          = "895-906",
      doi            = "10.1007/BF01397481",
      year           = "1926",
      SLACcitation   = "%%CITATION = ZEPYA,37,895;%%",
}

@article{Appelquist:2000nn,
      author         = "Appelquist, Thomas and Cheng, Hsin-Chia and Dobrescu,
                        Bogdan A.",
      title          = "{Bounds on universal extra dimensions}",
      journal        = "Phys.Rev.",
      volume         = "D64",
      pages          = "035002",
      doi            = "10.1103/PhysRevD.64.035002",
      year           = "2001",
      eprint         = "hep-ph/0012100",
      archivePrefix  = "arXiv",
      primaryClass   = "hep-ph",
      reportNumber   = "YCTP-P12-00, EFI-2000-48",
      SLACcitation   = "%%CITATION = HEP-PH/0012100;%%",
}



@article{Servant:2002aq,
      author         = "Servant, Geraldine and Tait, Timothy M.P.",
      title          = "{Is the lightest Kaluza-Klein particle a viable dark
                        matter candidate?}",
      journal        = "Nucl.Phys.",
      volume         = "B650",
      pages          = "391-419",
      doi            = "10.1016/S0550-3213(02)01012-X",
      year           = "2003",
      eprint         = "hep-ph/0206071",
      archivePrefix  = "arXiv",
      primaryClass   = "hep-ph",
      reportNumber   = "ANL-HEP-PR-02-032, EFI-02-74",
      SLACcitation   = "%%CITATION = HEP-PH/0206071;%%",
}

@article{Belanger:2012mc,
      author         = "Belanger, Genevieve and Belyaev, Alexander and Brown,
                        Matthew and Kakizaki, Mitsuru and Pukhov, Alexander",
      title          = "{Testing Minimal Universal Extra Dimensions Using Higgs
                        Boson Searches at the LHC}",
      journal        = "Phys.Rev.",
      volume         = "D87",
      pages          = "016008",
      doi            = "10.1103/PhysRevD.87.016008",
      year           = "2013",
      eprint         = "1207.0798",
      archivePrefix  = "arXiv",
      primaryClass   = "hep-ph",
      reportNumber   = "UT-HET-071",
      SLACcitation   = "%%CITATION = ARXIV:1207.0798;%%",
}

@article{Edelhauser:2013lia,
      author         = "Edelhäuser, Lisa and Flacke, Thomas and Krämer,
                        Michael",
      title          = "{Constraints on models with universal extra dimensions
                        from dilepton searches at the LHC}",
      journal        = "JHEP",
      volume         = "1308",
      pages          = "091",
      doi            = "10.1007/JHEP08(2013)091",
      year           = "2013",
      eprint         = "1302.6076",
      archivePrefix  = "arXiv",
      SLACcitation   = "%%CITATION = ARXIV:1302.6076;%%",
}


%ADD
@article{ArkaniHamed:1998rs,
      author         = "Arkani-Hamed, Nima and Dimopoulos, Savas and Dvali, G.R.",
      title          = "{The Hierarchy problem and new dimensions at a
                        millimeter}",
      journal        = "Phys.Lett.",
      volume         = "B429",
      pages          = "263-272",
      doi            = "10.1016/S0370-2693(98)00466-3",
      year           = "1998",
      eprint         = "hep-ph/9803315",
      archivePrefix  = "arXiv",
      primaryClass   = "hep-ph",
      reportNumber   = "SLAC-PUB-7769, SU-ITP-98-13",
      SLACcitation   = "%%CITATION = HEP-PH/9803315;%%",
}

%RS
@article{Randall:1999ee,
      author         = "Randall, Lisa and Sundrum, Raman",
      title          = "{A Large mass hierarchy from a small extra dimension}",
      journal        = "Phys.Rev.Lett.",
      volume         = "83",
      pages          = "3370-3373",
      doi            = "10.1103/PhysRevLett.83.3370",
      year           = "1999",
      eprint         = "hep-ph/9905221",
      archivePrefix  = "arXiv",
      primaryClass   = "hep-ph",
      reportNumber   = "MIT-CTP-2860, PUPT-1860, BUHEP-99-9",
      SLACcitation   = "%%CITATION = HEP-PH/9905221;%%",
}


%ttbar
@article{Kidonakis:2012db,
      author         = "Kidonakis, Nikolaos",
      title          = "{Differential and total cross sections for top pair and
                        single top production}",
      pages          = "831-834",
      doi            = "10.3204/DESY-PROC-2012-02/251",
      year           = "2012",
      eprint         = "1205.3453",
      archivePrefix  = "arXiv",
      primaryClass   = "hep-ph",
      SLACcitation   = "%%CITATION = ARXIV:1205.3453;%%",
}

@article{Czakon:2013goa,
      author         = "Czakon, Michał and Fiedler, Paul and Mitov, Alexander",
      title          = "{Total Top-Quark Pair-Production Cross Section at Hadron
                        Colliders Through $O(α\frac{4}{S})$}",
      journal        = "Phys.Rev.Lett.",
      number         = "25",
      volume         = "110",
      pages          = "252004",
      doi            = "10.1103/PhysRevLett.110.252004",
      year           = "2013",
      eprint         = "1303.6254",
      archivePrefix  = "arXiv",
      primaryClass   = "hep-ph",
      reportNumber   = "CERN-PH-TH-2013-056, TTK-13-08",
      SLACcitation   = "%%CITATION = ARXIV:1303.6254;%%",
}






@pic{ParticleContent2,
  author = "MissMJ, Office of Science - Fermilab",
  title = "{Standard Model of Elementary Particles}",
  url   = "{http://en.wikipedia.org/wiki/Standard\_Model}",
  note = [Accessed August 2013]
}

@pic{smInteractions2,
  author = "Eric Drexler",
  title = "{Elementary particle interactions in the Standard Model}",
  url   = "{http://en.wikipedia.org/wiki/Standard\_Model}",
  note = [Accessed August 2013]
}

@pic{cmsSusyRes,
  author = "CMS Collaboration",
  title = "{CMS Supersymmetry Physics Results}",
  url   = "{https://twiki.cern.ch/twiki/bin/view/CMSPublic/PhysicsResultsSUS}"
}


%%%%%%%%%%%%%%%%%%%%%%%%%%%%%%%%%%%%%%%%%%%
%%%%%%%%%%%%%%%%%%%%%%%%%%%%%%%%%%%%%%%%%%%
%%                                       %%
%% E X P E R I M E N T A L   S E T U P   %%
%%                                       %%
%%%%%%%%%%%%%%%%%%%%%%%%%%%%%%%%%%%%%%%%%%%
%%%%%%%%%%%%%%%%%%%%%%%%%%%%%%%%%%%%%%%%%%%



%%%%%%%%%%%%%%%%%%%%%%%%
% LHC experiments
%%%%%%%%%%%%%%%%%%%%%%%%

%lhc machine
@article{Evans:2008zzb,
      author         = "Evans, Lyndon and Bryant, Philip",
      editor         = "Evans, Lyndon",
      title          = "{LHC Machine}",
      journal        = "JINST",
      volume         = "3",
      pages          = "S08001",
      doi            = "10.1088/1748-0221/3/08/S08001",
      year           = "2008",
      SLACcitation   = "%%CITATION = JINST,3,S08001;%%",
}

%Alice
@article{Aamodt:2008zz,
      author         = "Aamodt, K. and others",
      title          = "{The ALICE experiment at the CERN LHC}",
      collaboration  = "ALICE Collaboration",
      journal        = "JINST",
      volume         = "3",
      pages          = "S08002",
      doi            = "10.1088/1748-0221/3/08/S08002",
      year           = "2008",
      SLACcitation   = "%%CITATION = JINST,3,S08002;%%",
}

%Atlas
@article{Aad:2008zzm,
      author         = "Aad, G. and others",
      title          = "{The ATLAS Experiment at the CERN Large Hadron Collider}",
      collaboration  = "ATLAS Collaboration",
      journal        = "JINST",
      volume         = "3",
      pages          = "S08003",
      doi            = "10.1088/1748-0221/3/08/S08003",
      year           = "2008",
      SLACcitation   = "%%CITATION = JINST,3,S08003;%%",
}

%CMS
@article{Chatrchyan:2008zzk,
      author         = "Chatrchyan, S. and others",
      title          = "{The CMS experiment at the CERN LHC}",
      collaboration  = "CMS Collaboration",
      journal        = "JINST",
      volume         = "3",
      pages          = "S08004",
      doi            = "10.1088/1748-0221/3/08/S08004",
      year           = "2008",
      SLACcitation   = "%%CITATION = JINST,3,S08004;%%",
}

%LHCb
@article{Alves:2008zz,
      author         = "Alves, A. Augusto, Jr. and others",
      title          = "{The LHCb Detector at the LHC}",
      collaboration  = "LHCb Collaboration",
      journal        = "JINST",
      volume         = "3",
      pages          = "S08005",
      doi            = "10.1088/1748-0221/3/08/S08005",
      year           = "2008",
      SLACcitation   = "%%CITATION = JINST,3,S08005;%%",
}

%LHCf
@article{Adriani:2008zz,
      author         = "Adriani, O. and others",
      title          = "{The LHCf detector at the CERN Large Hadron Collider}",
      collaboration  = "LHCf Collaboration",
      journal        = "JINST",
      volume         = "3",
      pages          = "S08006",
      doi            = "10.1088/1748-0221/3/08/S08006",
      year           = "2008",
      SLACcitation   = "%%CITATION = JINST,3,S08006;%%",
}

%MoEDAL
@article{Pinfold:2009oia,
      author         = "Pinfold, James and others",
      title          = "{Technical Design Report of the MoEDAL Experiment}",
      collaboration  = "MoEDAL Collaboration",
      year           = "2009",
      reportNumber   = "CERN-LHCC-2009-006, MoEDAL-TDR-001",
      SLACcitation   = "%%CITATION = CERN-LHCC-2009-006 ETC.;%%",
      inspirehep     = "1299494"
}

%TOTEM
@article{Anelli:2008zza,
      author         = "Anelli, G. and others",
      title          = "{The TOTEM experiment at the CERN Large Hadron Collider}",
      collaboration  = "TOTEM Collaboration",
      journal        = "JINST",
      volume         = "3",
      pages          = "S08007",
      doi            = "10.1088/1748-0221/3/08/S08007",
      year           = "2008",
      SLACcitation   = "%%CITATION = JINST,3,S08007;%%",
}



%%%%%%%%%%%%%%%%%%%%%%%%%
% Pubblication lists
%%%%%%%%%%%%%%%%%%%%%%%%%

%Alice
@article{Aamodt:2011by,
      author         = "Aamodt, K. and others",
      title          = "{Harmonic decomposition of two-particle angular
                        correlations in Pb-Pb collisions at $\sqrt{s_{NN}}=2.76$
                        TeV}",
      collaboration  = "ALICE Collaboration",
      journal        = "Phys.Lett.",
      volume         = "B708",
      pages          = "249-264",
      doi            = "10.1016/j.physletb.2012.01.060",
      year           = "2012",
      eprint         = "1109.2501",
      archivePrefix  = "arXiv",
      primaryClass   = "nucl-ex",
      SLACcitation   = "%%CITATION = ARXIV:1109.2501;%%",
}

@unpublished{aliceList,
  author={},
  collaboration="{ALICE Collaboration}",
  title="{Pubblication list}",
  journal={},
  volume={},
  number={},
  pages={},
  url="{http://aliceinfo.cern.ch/ArtSubmission/publications}",
  year={},
  abstract={},
}

%Atlas
@unpublished{atlasList,
  author={},
  collaboration="{ATLAS Collaboration}",
  title="{Pubblication list}",
  journal={},
  volume={},
  number={},
  pages={},
  url="{https://twiki.cern.ch/twiki/bin/view/AtlasPublic}",
  year={},
  abstract={},
}

@unpublished{atlasSusyList,
  author={},
  collaboration="{ATLAS Collaboration}",
  title="{ATLAS Supersymmetry (SUSY) searches}",
  journal={},
  volume={},
  number={},
  pages={},
  url="{https://twiki.cern.ch/twiki/bin/view/AtlasPublic/SupersymmetryPublicResults}",
  year={},
  abstract={},
}

%CMS
@unpublished{cmsList,
  author={},
  collaboration="{CMS Collaboration}",
  title="{Pubblication list}",
  journal={},
  volume={},
  number={},
  pages={},
  url="{https://twiki.cern.ch/twiki/bin/view/CMSPublic/PhysicsResults}",
  year={},
  abstract={},
}

@unpublished{cmsSusyList,
  author={},
  collaboration="{CMS Collaboration}",
  title="{CMS Supersymmetry Physics Results}",
  journal={},
  volume={},
  number={},
  pages={},
  url="{https://twiki.cern.ch/twiki/bin/view/CMSPublic/PhysicsResultsSUS}",
  year={},
  abstract={},
}

%LHCb
@unpublished{lhcbList,
  author={},
  collaboration="{LHCb Collaboration}",
  title="{Recent public results}",
  journal={},
  volume={},
  number={},
  pages={},
  url="{http://lhcb.web.cern.ch/lhcb/Physics-Results}",
  year={},
  abstract={},
}

%LHCf
@article{Adriani:2012ap,
      author         = "Adriani, O. and others",
      title          = "{Measurement of forward neutral pion transverse momentum
                        spectra for $\sqrt{s}$ = 7TeV proton-proton collisions at
                        LHC}",
      collaboration  = "LHCf Collaboration",
      journal        = "Phys.Rev.",
      volume         = "D86",
      pages          = "092001",
      doi            = "10.1103/PhysRevD.86.092001",
      year           = "2012",
      eprint         = "1205.4578",
      archivePrefix  = "arXiv",
      primaryClass   = "hep-ex",
      SLACcitation   = "%%CITATION = ARXIV:1205.4578;%%",
}

%TOTEM
@article{Antchev:2013iaa,
      author         = "Antchev, G. and others",
      title          = "{Luminosity-independent measurements of total, elastic
                        and inelastic cross-sections at $\sqrt{s} = 7$ TeV}",
      collaboration  = "TOTEM",
      journal        = "Europhys.Lett.",
      volume         = "101",
      pages          = "21004",
      doi            = "10.1209/0295-5075/101/21004",
      year           = "2013",
      SLACcitation   = "%%CITATION = EULEE,101,21004;%%",
}
     
@article{Antchev:2013paa,
      author = "Antchev, G. and others",
      title = "{Luminosity-Independent Measurement of the Proton-Proton Total Cross Section at $\sqrt{s} = 8$ TeV}",
      collaboration = "TOTEM Collaboration",
      journal        = "Phys.Rev.Lett.",
      number         = "1",
      volume         = "111",
      pages          = "012001",
      doi            = "10.1103/PhysRevLett.111.012001",
      year           = "2013",
      reportNumber   = "TOTEM-2012-005, CERN-PH-EP-2012-354",
      SLACcitation   = "%%CITATION = PRLTA,111,012001;%%"
      }



%%%%%%%%%%%%%%%%%%%%%%%%%
% CMS description
%%%%%%%%%%%%%%%%%%%%%%%%%
      
%solenoid
@article{344547852,
  collaboration={ALEPH Collaboration},
  title={ALEPH: a detector for electron-positron annihilation at LEP},
  journal={Nucl. Instrum. Meth. A},
  volume={294},
  number={},
  pages={121},
  doi="10.1016/0168-9002(90)91831-U",
  year={1990},
  abstract={}
}
	
@article{344547851,
  author={},
  collaboration={DELPHI Collaboration},
  title={The DELPHI detector at LEP},
  journal={Nucl. Instrum. Meth. A},
  volume={303},
  number={},
  pages={233},
  doi="10.1016/0168-9002(91)90793-P",
  year={1991},
  abstract={}
}

@unpublished{344547747,
  author={},
  collaboration="{ZEUS Collaboration}",
  title="{The ZEUS detector}",
  journal={},
  volume={},
  number={},
  pages={},
  url="{http://www-zeus.desy.de/bluebook/bluebook.html}",
  year={},
  abstract={},
}

@article{344547850,
  collaboration={BABAR collaboration},
  title={The BABAR detector},
  journal={Nucl. Instrum. Meth. A},
  volume={479},
  number={},
  pages={1},
  doi="10.1016/S0168-9002(01)02012-5",
  year={2000},
  abstract={}
}

@article{BUL-NA-2003-150,
      author = "CERN",
      title         = "{CMS ready for winding up. CMS est pr\^et pour le
                       bobinage}",
      journal={CERN Bulletin},
      number        = "BUL-NA-2003-150. 49/2003. 49/2003",
      pages         = "1",
      month         = "Dec",
      year          = "2003",
      note          = "Cover article",
      cds	    = "686754"
}

@article{Klyukhin:2011xq,
      author         = "Klyukhin, V.I. and Ball, A. and Bergsma, F. and Campi, D.
                        and Cure, B. and others",
      title          = "{Measurement of the CMS Magnetic Field}",
      journal        = "IEEE Trans.Appl.Supercond.",
      volume         = "18",
      pages          = "295-298",
      year           = "2008",
      eprint         = "1110.0306",
      archivePrefix  = "arXiv",
      primaryClass   = "physics.ins-det",
      SLACcitation   = "%%CITATION = ARXIV:1110.0306;%%",
}

@article{Chatrchyan:2009si,
      author         = "Chatrchyan, S and others",
      title          = "{Precise Mapping of the Magnetic Field in the CMS Barrel
                        Yoke using Cosmic Rays}",
      collaboration  = "CMS Collaboration",
      journal        = "JINST",
      volume         = "5",
      pages          = "T03021",
      doi            = "10.1088/1748-0221/5/03/T03021",
      year           = "2010",
      eprint         = "0910.5530",
      archivePrefix  = "arXiv",
      primaryClass   = "physics.ins-det",
      reportNumber   = "CMS-CFT-09-015",
      SLACcitation   = "%%CITATION = ARXIV:0910.5530;%%",
}

%tracker
@unpublished{lumiTwiki,
  author={},
  collaboration="{CMS Collaboration}",
  title="{CMS Luminosity - Public Results}",
  journal={},
  volume={},
  number={},
  pages={},
  url="https://twiki.cern.ch/twiki/bin/view/CMSPublic/LumiPublicResults",
  year={},
  abstract={},
}

%calorimeter
@article{Adzic:2007mi,
      author         = "Adzic, P. and others",
      title          = "{Energy resolution of the barrel of the CMS electromagnetic calorimeter}",
      journal        = "JINST",
      volume         = "2",
      pages          = "P04004",
      doi            = "10.1088/1748-0221/2/04/P04004",
      year           = "2007",
      reportNumber   = "CERN-CMS-NOTE-2006-148",
      archivePrefix  = "arXiv:0910.3423 [physics.ins-det]",
      SLACcitation   = "%%CITATION = JINST,2,P04004;%%",
}

@article{Chatrchyan:2013dga,
      author         = "Chatrchyan, Serguei and others",
      title          = "{Energy calibration and resolution of the CMS
                        electromagnetic calorimeter in pp collisions at
                         $\sqrt{s}$ = 7 TeV}",
      collaboration  = "CMS",
      year           = "2013",
      journal        = "JINST",
      volume         = "8",
      pages          = "P09009",
      eprint         = "1306.2016",
      doi  =  "DOI:10.1088/1748-0221/8/09/P09009",
      archivePrefix  = "arXiv",
      primaryClass   = "hep-ex",
      reportNumber   = "CMS-EGM-11-001, CERN-PH-EP-2013-097",
      SLACcitation   = "%%CITATION = ARXIV:1306.2016;%%",
}

@article{Chatrchyan:2009ag,
      author         = "Chatrchyan, S and others",
      title          = "{Performance of the CMS Hadron Calorimeter with Cosmic
                        Ray Muons and LHC Beam Data}",
      collaboration  = "CMS Collaboration",
      journal        = "JINST",
      volume         = "5",
      pages          = "T03012",
      doi            = "10.1088/1748-0221/5/03/T03012",
      year           = "2010",
      eprint         = "0911.4991",
      archivePrefix  = "arXiv",
      primaryClass   = "physics.ins-det",
      reportNumber   = "CMS-CFT-09-009",
      SLACcitation   = "%%CITATION = ARXIV:0911.4991;%%",
}

%muon system
@article{Chatrchyan:2013sba,
      author         = "Chatrchyan, Serguei and others",
      title          = "{The performance of the CMS muon detector in
                        proton-proton collisions at $\sqrt{s}$ = 7 TeV at the
                        LHC}",
      collaboration  = "CMS Collaboration",
      journal        = "JINST",
      volume         = "8",
      pages          = "P11002",
      doi            = "10.1088/1748-0221/8/11/P11002",
      year           = "2013",
      eprint         = "1306.6905",
      archivePrefix  = "arXiv",
      primaryClass   = "physics.ins-det",
      reportNumber   = "CMS-MUO-11-001, CERN-PH-EP-2013-072",
      SLACcitation   = "%%CITATION = ARXIV:1306.6905;%%",
}

%trigger
@article{CMS:2012ooa,
      inspirehep            = "1230022",
      title          = "{Data Parking and Data Scouting \\ at the CMS
                        Experiment}",
      collaboration  = "CMS Collaboration",
      year           = "2012",
      reportNumber   = "CMS-DP-2012-022, CERN-CMS-DP-2012-022",
      SLACcitation   = "%%CITATION = CMS-DP-2012-022 ETC.;%%",
}

%DQM
@article{Tuura:2010zza,
      author         = "Tuura, L. and Meyer, A. and Segoni, I. and Della Ricca,
                        G.",
      title          = "{CMS data quality monitoring: Systems and experiences}",
      journal        = "J.Phys.Conf.Ser.",
      volume         = "219",
      pages          = "072020",
      doi            = "10.1088/1742-6596/219/7/072020",
      year           = "2010",
      SLACcitation   = "%%CITATION = 00462,219,072020;%%",
}



%%%%%%%%%%%%%%%%%
% CMS TDR
%%%%%%%%%%%%%%%%%

@book{Bayatian:922757,
      author        = "Bayatian, S and others",
      collaboration = "{CMS Collaboration}",
      title         = "{CMS Physics: Technical Design Report Volume 1: Detector
                       Performance and Software}",
      publisher     = "CERN",
      address       = "Geneva",
      series        = "Technical Design Report CMS",
      year          = "2006",
      cds	     = "92275"
}

@article{Dasu:2000ge,
      author         = "Dasu, S. and others",
      title          = "{CMS: The TriDAS project. Technical design report, vol.
                        1: The trigger systems}",
      collaboration  = "CMS Collaboration",
      year           = "2000",
      reportNumber   = "CERN-LHCC-2000-038",
      SLACcitation   = "%%CITATION = CERN-LHCC-2000-038 ETC.;%%",
      cds = "706847",
      inspirehep = "541210",
}

@article{Sphicas:2002gg,
      author         = "Sphicas, P.",
      editor         = "Sphicas, P.",
      title          = "{CMS: The TriDAS project. Technical design report, Vol.
                        2: Data acquisition and high-level trigger}",
      collaboration  = "CMS Collaboration",
      year           = "2002",
      reportNumber   = "CERN-LHCC-2002-026",
      SLACcitation   = "%%CITATION = CERN-LHCC-2002-026 ETC.;%%",
      cds = "578006",
      inspirehep = "609493",
}

@Article{PTDR2,
     author    = "{CMS Collaboration}",
     title     = "{CMS} technical design report, volume {II}: {Physics}
                  performance",
     journal   = "J. Phys. G",
     volume    = "34",
     year      = "2007",
     pages     = "995-1579",
     doi       = "10.1088/0954-3899/34/6/S01",
     SLACcitation  = "%%CITATION = JPHGB,G34,995;%%"
}

@article{CMS:2012tda,
      author         = "Man, J. and others",
      editor         = "Man, J.",
      title          = "{CMS Technical Design Report for the Phase 1 Upgrade of
                        the Hadron Calorimeter}",
      collaboration  = "CMS Collaboration",
      year           = "2012",
      reportNumber   = "CERN-LHCC-2012-015, CMS-TDR-010",
      inspirehep     = "1193237",
      SLACcitation   = "%%CITATION = CERN-LHCC-2012-015 ETC.;%%",
}
%%%%%%%%%%%%%%%%%%%%%%%%%
% Simulation software
%%%%%%%%%%%%%%%%%%%%%%%%%

%Factorization theorem
@article{Drell:1970wh,
      author         = "Drell, S.D. and Yan, Tung-Mow",
      title          = "{Massive Lepton Pair Production in Hadron-Hadron
                        Collisions at High-Energies}",
      journal        = "Phys.Rev.Lett.",
      volume         = "25",
      pages          = "316-320",
      doi            = "10.1103/PhysRevLett.25.316",
      year           = "1970",
      reportNumber   = "SLAC-PUB-0755",
      SLACcitation   = "%%CITATION = PRLTA,25,316;%%",
}

%CKKM
@article{Catani:2001cc,
      author         = "Catani, S. and Krauss, F. and Kuhn, R. and Webber, B.R.",
      title          = "{QCD matrix elements + parton showers}",
      journal        = "JHEP",
      volume         = "0111",
      pages          = "063",
      doi            = "10.1088/1126-6708/2001/11/063",
      year           = "2001",
      eprint         = "hep-ph/0109231",
      archivePrefix  = "arXiv",
      primaryClass   = "hep-ph",
      reportNumber   = "CERN-TH-2000-367, CAVENDISH-HEP-00-03",
      SLACcitation   = "%%CITATION = HEP-PH/0109231;%%",
}

%MLM
@article{Mangano:2001xp,
      author         = "Mangano, Michelangelo L. and Moretti, Mauro and Pittau,
                        Roberto",
      title          = "{Multijet matrix elements and shower evolution in
                        hadronic collisions: $W b \bar{b}$ + $n$ jets as a case
                        study}",
      journal        = "Nucl.Phys.",
      volume         = "B632",
      pages          = "343-362",
      doi            = "10.1016/S0550-3213(02)00249-3",
      year           = "2002",
      eprint         = "hep-ph/0108069",
      archivePrefix  = "arXiv",
      primaryClass   = "hep-ph",
      reportNumber   = "CERN-TH-2001-215",
      SLACcitation   = "%%CITATION = HEP-PH/0108069;%%",
}

%lund string model
@article{Andersson:1983ia,
      author         = "Andersson, Bo and Gustafson, G. and Ingelman, G. and
                        Sjostrand, T.",
      title          = "{Parton Fragmentation and String Dynamics}",
      journal        = "Phys.Rept.",
      volume         = "97",
      pages          = "31-145",
      doi            = "10.1016/0370-1573(83)90080-7",
      year           = "1983",
      reportNumber   = "LU-TP-83-10",
      SLACcitation   = "%%CITATION = PRPLC,97,31;%%",
}

%cluster fragmetation model
@article{Webber:1983if,
      author         = "Webber, B.R.",
      title          = "{A QCD Model for Jet Fragmentation Including Soft Gluon
                        Interference}",
      journal        = "Nucl.Phys.",
      volume         = "B238",
      pages          = "492",
      doi            = "10.1016/0550-3213(84)90333-X",
      year           = "1984",
      reportNumber   = "CERN-TH-3713",
      SLACcitation   = "%%CITATION = NUPHA,B238,492;%%",
}

@article{Marchesini:1987cf,
      author         = "Marchesini, G. and Webber, B.R.",
      title          = "{Monte Carlo Simulation of General Hard Processes with
                        Coherent QCD Radiation}",
      journal        = "Nucl.Phys.",
      volume         = "B310",
      pages          = "461",
      doi            = "10.1016/0550-3213(88)90089-2",
      year           = "1988",
      reportNumber   = "CAVENDISH-HEP-87-8, UPRF-87-212",
      SLACcitation   = "%%CITATION = NUPHA,B310,461;%%",
}

%pythia
@article{Sjostrand:2006za,
      author         = "Sjostrand, Torbjorn and Mrenna, Stephen and Skands, Peter
                        Z.",
      title          = "{PYTHIA 6.4 Physics and Manual}",
      journal        = "JHEP",
      volume         = "0605",
      pages          = "026",
      doi            = "10.1088/1126-6708/2006/05/026",
      year           = "2006",
      eprint         = "hep-ph/0603175",
      archivePrefix  = "arXiv",
      primaryClass   = "hep-ph",
      reportNumber   = "FERMILAB-PUB-06-052-CD-T, LU-TP-06-13",
      SLACcitation   = "%%CITATION = HEP-PH/0603175;%%",
}

%Z2 tune
@article{Field:2010bc,
      author         = "Field, Rick",
      title          = "{Early LHC Underlying Event Data - Findings and
                        Surprises}",
      year           = "2010",
      eprint         = "1010.3558",
      archivePrefix  = "arXiv",
      primaryClass   = "hep-ph",
      SLACcitation   = "%%CITATION = ARXIV:1010.3558;%%",
}

@article{Chatrchyan:2011id,
      author         = "Chatrchyan, Serguei and others",
      title          = "{Measurement of the Underlying Event Activity at the LHC
                        with $\sqrt{s}= 7$ TeV and Comparison with $\sqrt{s} =
                        0.9$ TeV}",
      collaboration  = "CMS Collaboration",
      journal        = "JHEP",
      volume         = "1109",
      pages          = "109",
      doi            = "10.1007/JHEP09(2011)109",
      year           = "2011",
      eprint         = "1107.0330",
      archivePrefix  = "arXiv",
      primaryClass   = "hep-ex",
      reportNumber   = "CERN-PH-EP-2011-059, CMS-QCD-10-010",
      SLACcitation   = "%%CITATION = ARXIV:1107.0330;%%",
}

@article{Chatrchyan:2013ala,
      author         = "Chatrchyan, Serguei and others",
      title          = "{Jet and underlying event properties as a function of
                        charged-particle multiplicity in proton–proton
                        collisions at $\sqrt{s}$ = 7 TeV}",
      collaboration  = "CMS Collaboration",
      journal        = "Eur.Phys.J.",
      volume         = "C73",
      pages          = "2674",
      doi            = "10.1140/epjc/s10052-013-2674-5",
      year           = "2013",
      eprint         = "1310.4554",
      archivePrefix  = "arXiv",
      primaryClass   = "hep-ex",
      reportNumber   = "CMS-FSQ-12-022, CERN-PH-EP-2013-195",
      SLACcitation   = "%%CITATION = ARXIV:1310.4554;%%",
}

%MG
@article{Maltoni:2002qb,
      author         = "Maltoni, Fabio and Stelzer, Tim",
      title          = "{MadEvent: Automatic event generation with MadGraph}",
      journal        = "JHEP",
      volume         = "0302",
      pages          = "027",
      doi            = "10.1088/1126-6708/2003/02/027",
      year           = "2003",
      eprint         = "hep-ph/0208156",
      archivePrefix  = "arXiv",
      primaryClass   = "hep-ph",
      SLACcitation   = "%%CITATION = HEP-PH/0208156;%%",
}

%MCFM
@article{Campbell:2010ff,
      author         = "Campbell, John M. and Ellis, R.K.",
      title          = "{MCFM for the Tevatron and the LHC}",
      journal        = "Nucl.Phys.Proc.Suppl.",
      volume         = "205-206",
      pages          = "10-15",
      doi            = "10.1016/j.nuclphysbps.2010.08.011",
      year           = "2010",
      eprint         = "1007.3492",
      archivePrefix  = "arXiv",
      primaryClass   = "hep-ph",
      reportNumber   = "FERMILAB-CONF-10-244-T",
      SLACcitation   = "%%CITATION = ARXIV:1007.3492;%%",
}

%Prospino
@article{Beenakker:1996ed,
      author         = "Beenakker, W. and Hopker, R. and Spira, M.",
      title          = "{PROSPINO: A Program for the production of supersymmetric
                        particles in next-to-leading order QCD}",
      year           = "1996",
      eprint         = "hep-ph/9611232",
      archivePrefix  = "arXiv",
      primaryClass   = "hep-ph",
      SLACcitation   = "%%CITATION = HEP-PH/9611232;%%",
}

%Powheg
@article{Nason:2004rx,
      author         = "Nason, Paolo",
      title          = "{A New method for combining NLO QCD with shower Monte
                        Carlo algorithms}",
      journal        = "JHEP",
      volume         = "0411",
      pages          = "040",
      doi            = "10.1088/1126-6708/2004/11/040",
      year           = "2004",
      eprint         = "hep-ph/0409146",
      archivePrefix  = "arXiv",
      primaryClass   = "hep-ph",
      reportNumber   = "BICOCCA-FT-04-11",
      SLACcitation   = "%%CITATION = HEP-PH/0409146;%%",
}

@article{Frixione:2007vw,
      author         = "Frixione, Stefano and Nason, Paolo and Oleari, Carlo",
      title          = "{Matching NLO QCD computations with Parton Shower
                        simulations: the POWHEG method}",
      journal        = "JHEP",
      volume         = "0711",
      pages          = "070",
      doi            = "10.1088/1126-6708/2007/11/070",
      year           = "2007",
      eprint         = "0709.2092",
      archivePrefix  = "arXiv",
      primaryClass   = "hep-ph",
      reportNumber   = "BICOCCA-FT-07-9, GEF-TH-21-2007",
      SLACcitation   = "%%CITATION = ARXIV:0709.2092;%%",
}

@article{Alioli:2008gx,
      author         = "Alioli, Simone and Nason, Paolo and Oleari, Carlo and Re,
                        Emanuele",
      title          = "{NLO vector-boson production matched with shower in
                        POWHEG}",
      journal        = "JHEP",
      volume         = "0807",
      pages          = "060",
      doi            = "10.1088/1126-6708/2008/07/060",
      year           = "2008",
      eprint         = "0805.4802",
      archivePrefix  = "arXiv",
      primaryClass   = "hep-ph",
      reportNumber   = "NSF-KITP-08-74",
      SLACcitation   = "%%CITATION = ARXIV:0805.4802;%%",
}

%tauola
@article{Was:2011tv,
      author         = "Was, Zbigniew",
      title          = "{TAUOLA for simulation of tau decay and production:
                        perspectives for precision low energy and LHC
                        applications}",
      journal        = "Nucl.Phys.Proc.Suppl.",
      volume         = "218",
      pages          = "249-255",
      doi            = "10.1016/j.nuclphysbps.2011.06.040",
      year           = "2011",
      eprint         = "1101.1652",
      archivePrefix  = "arXiv",
      primaryClass   = "hep-ph",
      reportNumber   = "IFJPAN-IV-2011-1",
      SLACcitation   = "%%CITATION = ARXIV:1101.1652;%%",
}

%Geant
@article{Agostinelli:2002hh,
      author         = "Agostinelli, S. and others",
      title          = "{GEANT4: A Simulation toolkit}",
      collaboration  = "GEANT4",
      journal        = "Nucl.Instrum.Meth.",
      volume         = "A506",
      pages          = "250-303",
      doi            = "10.1016/S0168-9002(03)01368-8",
      year           = "2003",
      reportNumber   = "SLAC-PUB-9350, FERMILAB-PUB-03-339",
      SLACcitation   = "%%CITATION = NUIMA,A506,250;%%",
}

@article{Allison:2006ve,
      author         = "Allison, John and Amako, K. and Apostolakis, J. and
                        Araujo, H. and Dubois, P.A. and others",
      title          = "{Geant4 developments and applications}",
      journal        = "IEEE Trans.Nucl.Sci.",
      volume         = "53",
      pages          = "270",
      doi            = "10.1109/TNS.2006.869826",
      year           = "2006",
      reportNumber   = "SLAC-PUB-11870",
      SLACcitation   = "%%CITATION = IETNA,53,270;%%",
}

%Fastsim
@custom{CMS:2010spa,
      inspirehep     = "1230052",
      title          = "{Comparison of the Fast Simulation of CMS with the first
                        LHC data}",
      collaboration  = "CMS Collaboration",
      year           = "2010",
      type           = "CMS Detector Performance Summary",
      reportNumber    = "CMS-DP-2010-039",
      SLACcitation   = "%%CITATION = CMS-DP-2010-039 ETC.;%%",
      
}

%%%%%%%%%%%%%%%%%
% Pictures
%%%%%%%%%%%%%%%%%

@pic{LHCcomplex,
  author = "Christiane Lefèvre",
  title = "{The CERN accelerator complex. Complexe des accélérateurs du CERN}",
  url   = "{http://cds.cern.ch/record/1260465}"
}

@pic{magnets,
  author={},
  collaboration="{CERN}",
  title="{Sketch of the magnetic field in the twin-bore magnet design}",
  url="{http://lhc2008.web.cern.ch}"
}

@pic{magnets2,
  author={},
  collaboration="{CERN}",
  title="{Sketch of the magnetic field in the twin-bore magnet design}",
  url="{http://www.lhc-closer.es}"
}

@pic{cmsDetector,
  collaboration = "CMS Collaboration",
  title = "{Schematic view of the CMS detector made with SketchUp}",
  url   = "{http://cms.web.cern.ch/news/cms-detector-design}",
}

@pic{tth,
  author={F. Krauss},
  collaboration="{Sherpa Collaboration}",
  title="{Sketch of a \ttbar{h} event.}",
  url="{http://www.opensciencegrid.org/wp-content/uploads/2014/05/event.jpg}",
}



%%%%%%%%%%%%%%%%%%%%%%%%%%%%%%%%%%%%%%%%%%%%%%%%
%%%%%%%%%%%%%%%%%%%%%%%%%%%%%%%%%%%%%%%%%%%%%%%%
%%                                            %%
%% O B J E C T   R E C O N S T R A C T I O N  %%
%%                                            %%
%%%%%%%%%%%%%%%%%%%%%%%%%%%%%%%%%%%%%%%%%%%%%%%%
%%%%%%%%%%%%%%%%%%%%%%%%%%%%%%%%%%%%%%%%%%%%%%%%



%Particle Flow
@custom{CMS:2009nxa,
      inspirehep     = "925379",
      title          = "{Particle-Flow Event Reconstruction in CMS and
                        Performance for Jets, Taus, and MET}",
      collaboration  = "CMS Collaboration",
      year           = "2009",
      type           = "CMS Physics Analysis Summary",
      reportNumber   = "CMS-PAS-PFT-09-001",
      SLACcitation   = "%%CITATION = CMS-PAS-PFT-09-001 ETC.;%%",
}

@custom{CMS:2010byl,
      inspirehep     = "925318",
      title          = "{Commissioning of the Particle-flow Event Reconstruction
                        with the first LHC collisions recorded in the CMS
                        detector}",
      collaboration  = "CMS Collaboration",
      year           = "2010",
      type           = "CMS Physics Analysis Summary",
      reportNumber   = "CMS-PAS-PFT-10-001",
      SLACcitation   = "%%CITATION = CMS-PAS-PFT-10-001 ETC.;%%",
}

@custom{CMS:2010eua,
      inspirehep     = "925292",
      title          = "{Commissioning of the Particle-Flow reconstruction in
                        Minimum-Bias and Jet Events from pp Collisions at 7 TeV}",
      collaboration  = "CMS Collaboration",
      year           = "2010",
      type           = "CMS Physics Analysis Summary",
      reportNumber   = "CMS-PAS-PFT-10-002",
      SLACcitation   = "%%CITATION = CMS-PAS-PFT-10-002 ETC.;%%",
}

%tracking
@article{Adam:2005cg,
      author         = "Adam, W. and Mangano, B. and Speer, T. and Todorov, T.",
      title          = "{Track reconstruction in the CMS tracker}",
      year           = "2005",
      reportNumber   = "CMS-NOTE-2006-041",
      SLACcitation   = "%%CITATION = CERN-CMS-NOTE-2006-041 ETC.;%%",
      inspirehep = "704479"
}

@article{Adam:2003kg,
      author         = "Adam, W. and Fruhwirth, R. and Strandlie, A. and Todorov,
                        T.",
      title          = "{Reconstruction of electrons with the Gaussian sum filter
                        in the CMS tracker at LHC}",
      journal        = "eConf",
      volume         = "C0303241",
      pages          = "TULT009",
      doi            = "10.1088/0954-3899/31/9/N01",
      year           = "2003",
      eprint         = "physics/0306087",
      archivePrefix  = "arXiv",
      primaryClass   = "physics",
      reportNumber   = "CHEP-2003-TULT009",
      SLACcitation   = "%%CITATION = PHYSICS/0306087;%%",
}

%vertex
@custom{CMS:2010wta,
      inspirehep     = "925284",
      title          = "{Tracking and Primary Vertex Results in First 7 TeV
                        Collisions}",
      collaboration  = "CMS Collaboration",
      year           = "2010",
      type           = "CMS Physics Analysis Summary",
      reportNumber   = "CMS-PAS-TRK-10-005",
      SLACcitation   = "%%CITATION = CMS-PAS-TRK-10-005 ETC.;%%",
}

@article{Fruhwirth:2007hz,
      author         = "Fruhwirth, R. and Waltenberger, W. and Vanlaer, P.",
      title          = "{Adaptive vertex fitting}",
      journal        = "J.Phys.",
      volume         = "G34",
      pages          = "N343",
      doi            = "10.1088/0954-3899/34/12/N01",
      year           = "2007",
      reportNumber   = "CMS-NOTE-2007-008",
      SLACcitation   = "%%CITATION = JPHGB,G34,N343;%%",
}

@article{Speer:2006mh,
      author         = "Speer, T. and Prokofiev, Kirill and Fruhwirth, R. and
                        Waltenberger, W. and Vanlaer, P.",
      title          = "{Vertex fitting in the CMS tracker}",
      year           = "2006",
      reportNumber   = "CMS-NOTE-2006-032",
      SLACcitation   = "%%CITATION = CERN-CMS-NOTE-2006-032 ETC.;%%",
      inspirehep = "711542"
}

%muon
@article{Chatrchyan:2012xi,
      author         = "Chatrchyan, Serguei and others",
      title          = "{Performance of CMS muon reconstruction in $pp$ collision
                        events at $\sqrt{s}=7$ TeV}",
      collaboration  = "CMS Collaboration",
      journal        = "JINST",
      volume         = "7",
      pages          = "P10002",
      doi            = "10.1088/1748-0221/7/10/P10002",
      year           = "2012",
      eprint         = "1206.4071",
      archivePrefix  = "arXiv",
      primaryClass   = "physics.ins-det",
      reportNumber   = "CMS-MUO-10-004, CERN-PH-EP-2012-173",
      SLACcitation   = "%%CITATION = ARXIV:1206.4071;%%",
}

%electron
@article{Bethe:1934za,
      author         = "Bethe, H. and Heitler, W.",
      title          = "{On the Stopping of fast particles and on the creation of
                        positive electrons}",
      journal        = "Proc.Roy.Soc.Lond.",
      volume         = "A146",
      pages          = "83-112",
      year           = "1934",
      SLACcitation   = "%%CITATION = PRSLA,A146,83;%%",
      doi = "10.1098/rspa.1934.0140"
}

@article{Meschi:2001lfa,
      author         = "Meschi, Emilio and Monteiro, T. and Seez, Christopher and
                        Vikas, Pratibha",
      title          = "{Electron Reconstruction in the CMS Electromagnetic
                        Calorimeter}",
      year           = "2001",
      reportNumber   = "CMS-NOTE-2001-034",
      SLACcitation   = "%%CITATION = CMS-NOTE-2001-034 ETC.;%%",
      inspirehep = "876237"
}

@custom{CMS:2010bta,
      inspirehep     = "925263",
      title          = "{Electron reconstruction and identification at sqrt(s) =
                        7 TeV}",
      collaboration  = "CMS Collaboration",
      year           = "2010",
      type           = "CMS Physics Analysis Summary",
      reportNumber   = "CMS-PAS-EGM-10-004",
      SLACcitation   = "%%CITATION = CMS-PAS-EGM-10-004 ETC.;%%",
}

%Jet algorithms
@article{Salam:2007xv,
      author         = "Salam, Gavin P. and Soyez, Gregory",
      title          = "{A Practical Seedless Infrared-Safe Cone jet algorithm}",
      journal        = "JHEP",
      volume         = "0705",
      pages          = "086",
      doi            = "10.1088/1126-6708/2007/05/086",
      year           = "2007",
      eprint         = "0704.0292",
      archivePrefix  = "arXiv",
      primaryClass   = "hep-ph",
      SLACcitation   = "%%CITATION = ARXIV:0704.0292;%%",
}

@article{Catani:1993hr,
      author         = "Catani, S. and Dokshitzer, Yuri L. and Seymour, M.H. and
                        Webber, B.R.",
      title          = "{Longitudinally invariant $K_t$ clustering algorithms for
                        hadron hadron collisions}",
      journal        = "Nucl.Phys.",
      volume         = "B406",
      pages          = "187-224",
      doi            = "10.1016/0550-3213(93)90166-M",
      year           = "1993",
      reportNumber   = "CERN-TH-6775-93, LU-TP-93-2",
      SLACcitation   = "%%CITATION = NUPHA,B406,187;%%",
}

@article{Ellis:1993tq,
      author         = "Ellis, Stephen D. and Soper, Davison E.",
      title          = "{Successive combination jet algorithm for hadron
                        collisions}",
      journal        = "Phys.Rev.",
      volume         = "D48",
      pages          = "3160-3166",
      doi            = "10.1103/PhysRevD.48.3160",
      year           = "1993",
      eprint         = "hep-ph/9305266",
      archivePrefix  = "arXiv",
      primaryClass   = "hep-ph",
      reportNumber   = "CERN-TH-6860-93",
      SLACcitation   = "%%CITATION = HEP-PH/9305266;%%",
}

@article{Dokshitzer:1997in,
      author         = "Dokshitzer, Yuri L. and Leder, G.D. and Moretti, S. and
                        Webber, B.R.",
      title          = "{Better jet clustering algorithms}",
      journal        = "JHEP",
      volume         = "9708",
      pages          = "001",
      doi            = "10.1088/1126-6708/1997/08/001",
      year           = "1997",
      eprint         = "hep-ph/9707323",
      archivePrefix  = "arXiv",
      primaryClass   = "hep-ph",
      reportNumber   = "CAVENDISH-HEP-97-06",
      SLACcitation   = "%%CITATION = HEP-PH/9707323;%%",
}

@Article{Cacciari:2008gp,
     AUTHOR    = "Cacciari, Matteo and Salam, Gavin P. and Soyez, Gregory",
     TITLE     = "The anti-$k_t$ jet clustering algorithm",
     JOURNAL   = "JHEP",
     VOLUME    = "04",
     YEAR      = "2008",
     PAGES     = "063",
     doi       = "10.1088/1126-6708/2008/04/063",
     eprint         = "0802.1189",
     archivePrefix  = "arXiv",
     primaryClass   = "hep-ex",
}

@article{Cacciari:2011ma,
      author         = "Cacciari, Matteo and Salam, Gavin P. and Soyez, Gregory",
      title          = "{FastJet User Manual}",
      journal        = "Eur. Phys. J. C",
      volume         = "72",
      pages          = "1896",
      doi            = "10.1140/epjc/s10052-012-1896-2",
      year           = "2012",
      eprint         = "1111.6097",
      archivePrefix  = "arXiv",
      primaryClass   = "hep-ph",
      reportNumber   = "CERN-PH-TH-2011-297",
      SLACcitation   = "%%CITATION = ARXIV:1111.6097;%%",
}

%jet calibrations
@custom{CMS:2010xta,
      inspirehep     = "925285",
      title          = "{Jet Performance in pp Collisions at 7 TeV}",
      collaboration  = "CMS Collaboration",
      year           = "2010",
      type           = "CMS Physics Analysis Summary",
      reportNumber   = "CMS-PAS-JME-10-003",
      SLACcitation   = "%%CITATION = CMS-PAS-JME-10-003 ETC.;%%",
}

@article{Chatrchyan:2011ds,
      author         = "Chatrchyan, Serguei and others",
      title          = "{Determination of Jet Energy Calibration and Transverse
                        Momentum Resolution in CMS}",
      collaboration  = "CMS Collaboration",
      journal        = "JINST",
      volume         = "6",
      pages          = "P11002",
      doi            = "10.1088/1748-0221/6/11/P11002",
      year           = "2011",
      eprint         = "1107.4277",
      archivePrefix  = "arXiv",
      primaryClass   = "physics.ins-det",
      reportNumber   = "CERN-PH-EP-2011-102, CMS-JME-10-011",
      SLACcitation   = "%%CITATION = ARXIV:1107.4277;%%",
}

@custom{CMS-PAS-JME-13-005,
      title         = "{Pileup Jet Identification}",
      institution   = "CERN",
      collaboration = "CMS Collaboration",
      address       = "Geneva",
      type           = "CMS Physics Analysis Summary",
      number        = "CMS-PAS-JME-13-005",
      year          = "2013",
      inspirehep    = "1260866"
}

@article{Chatrchyan:2012jua,
      author         = "Chatrchyan, Serguei and others",
      title          = "{Identification of b-quark jets with the CMS experiment}",
      collaboration  = "CMS Collaboration",
      journal        = "JINST",
      volume         = "8",
      pages          = "P04013",
      doi            = "10.1088/1748-0221/8/04/P04013",
      year           = "2013",
      eprint         = "1211.4462",
      archivePrefix  = "arXiv",
      primaryClass   = "hep-ex",
      reportNumber   = "CMS-BTV-12-001, CERN-PH-EP-2012-262",
      SLACcitation   = "%%CITATION = ARXIV:1211.4462;%%",
}

@custom{CMS:2013vea,
      title          = "{Performance of b tagging at sqrt(s)=8 TeV in multijet,
                        ttbar and boosted topology events}",
      collaboration  = "CMS Collaboration",
      year           = "2013",
      type           = "CMS Physics Analysis Summary",
      reportNumber   = "CMS-PAS-BTV-13-001",
      SLACcitation   = "%%CITATION = CMS-PAS-BTV-13-001 ETC.;%%",
      inspirehep     = "1260865"
}

@unpublished{btagTwiki,
  author={},
  collaboration="{CMS Collaboration}",
  title="{Methods to apply b-tagging efficiency scale factors}",
  journal={},
  volume={},
  number={},
  pages={},
  url="{https://twiki.cern.ch/twiki/bin/viewauth/CMS/BTagSFMethods}",
  year={},
  abstract={},
}

@article{CMS:2011ab,
      author         = "Chatrchyan, Serguei and others",
      title          = "{Measurement of the Inclusive Jet Cross Section in $pp$
                        Collisions at $\sqrt{s}=7$ TeV}",
      collaboration  = "CMS Collaboration",
      journal        = "Phys.Rev.Lett.",
      volume         = "107",
      pages          = "132001",
      doi            = "10.1103/PhysRevLett.107.132001",
      year           = "2011",
      eprint         = "1106.0208",
      archivePrefix  = "arXiv",
      primaryClass   = "hep-ex",
      reportNumber   = "CERN-PH-EP-2011-053, CMS-QCD-10-011",
      SLACcitation   = "%%CITATION = ARXIV:1106.0208;%%",
}

%tau
@article{Chatrchyan:2012zz,
      author         = "Chatrchyan, Serguei and others",
      title          = "{Performance of tau-lepton reconstruction and
                        identification in CMS}",
      collaboration  = "CMS Collaboration",
      journal        = "JINST",
      volume         = "7",
      pages          = "P01001",
      doi            = "10.1088/1748-0221/7/01/P01001",
      year           = "2012",
      eprint         = "1109.6034",
      archivePrefix  = "arXiv",
      primaryClass   = "physics.ins-det",
      SLACcitation   = "%%CITATION = ARXIV:1109.6034;%%",
}

%MET
@custom{CMS:uva,
      inspirehep     = "925334",
      title          = "{Performance of Jet Algorithms in CMS}",
      collaboration  = "CMS Collaboration",
      year           = "2007",
      type           = "CMS Physics Analysis Summary",
      reportNumber   = "CMS-PAS-JME-07-003",
      SLACcitation   = "%%CITATION = CMS-PAS-JME-07-003 ETC.;%%",
}

@custom{CMS:2009fva,
      inspirehep     = "925319",
      title          = "{Performance of Track-Corrected Missing Transverse Energy
                        in CMS}",
      collaboration  = "CMS Collaboration",
      year           = "2009",
      type           = "CMS Physics Analysis Summary",
      reportNumber   = "CMS-PAS-JME-09-010",
      SLACcitation   = "%%CITATION = CMS-PAS-JME-09-010 ETC.;%%",
}

@custom{PAS-JME-10-014,
      COLLABORATION = {CMS Collaboration},
      TITLE       = {Jet Energy Resolution in CMS at $sqrt(s)=7$ TeV },
      URL         = {http://cdsweb.cern.ch/record/1339945},
      TYPE        = "CMS Physics Analysis Summary",
      NUMBER      = "CMS-PAS-JME-10-014",
      YEAR        = "2010",
      inspirehep  = "925240"
}

@article{Chatrchyan:1361632,
      author        = "Chatrchyan, S and others",
      title         = "{Missing transverse energy performance of the CMS
                       detector}",
      journal       = "J. Instrum.",
      collaboration = "CMS Collaboration",
      doi           = "10.1088/1748-0221/6/09/P09001",
      volume        = "6",
      pages         = "P09001. 56 p",
      month         = "Jun",
      year          = "2011",
}




%%%%%%%%%%%%%%%%%%%%%%%%%%%%%%%%%%%
%%%%%%%%%%%%%%%%%%%%%%%%%%%%%%%%%%%
%%                               %%
%% E V E N T   S E L E C T I O N %%
%%                               %%
%%%%%%%%%%%%%%%%%%%%%%%%%%%%%%%%%%%
%%%%%%%%%%%%%%%%%%%%%%%%%%%%%%%%%%%



%mssm
@article{Dimopoulos:1995ju,
      author         = "Dimopoulos, Savas and Sutter, David W.",
      title          = "{The Supersymmetric flavor problem}",
      journal        = "Nucl.Phys.",
      volume         = "B452",
      pages          = "496-512",
      doi            = "10.1016/0550-3213(95)00421-N",
      year           = "1995",
      eprint         = "hep-ph/9504415",
      archivePrefix  = "arXiv",
      primaryClass   = "hep-ph",
      reportNumber   = "SU-ITP-95-9, CERN-TH-95-101",
      SLACcitation   = "%%CITATION = HEP-PH/9504415;%%",
}



%sms
@article{Knuteson:2006ha,
      author         = "Knuteson, Bruce and Mrenna, Stephen",
      title          = "{BARD: Interpreting new frontier energy collider
                        physics}",
      year           = "2006",
      eprint         = "hep-ph/0602101",
      archivePrefix  = "arXiv",
      primaryClass   = "hep-ph",
      reportNumber   = "FERMILAB-FN-0784-CD",
      SLACcitation   = "%%CITATION = HEP-PH/0602101;%%",
}

@article{ArkaniHamed:2007fw,
      author         = "Arkani-Hamed, Nima and Schuster, Philip and Toro, Natalia
                        and Thaler, Jesse and Wang, Lian-Tao and others",
      title          = "{MARMOSET: The Path from LHC Data to the New Standard
                        Model via On-Shell Effective Theories}",
      year           = "2007",
      eprint         = "hep-ph/0703088",
      archivePrefix  = "arXiv",
      primaryClass   = "HEP-PH",
      reportNumber   = "FERMILAB-FN-0800-CD",
      SLACcitation   = "%%CITATION = HEP-PH/0703088;%%",
}

@article{Alwall:2008va,
      author         = "Alwall, Johan and Le, My-Phuong and Lisanti, Mariangela
                        and Wacker, Jay G.",
      title          = "{Model-Independent Jets plus Missing Energy Searches}",
      journal        = "Phys.Rev.",
      volume         = "D79",
      pages          = "015005",
      doi            = "10.1103/PhysRevD.79.015005",
      year           = "2009",
      eprint         = "0809.3264",
      archivePrefix  = "arXiv",
      primaryClass   = "hep-ph",
      reportNumber   = "SLAC-PUB-13405",
      SLACcitation   = "%%CITATION = ARXIV:0809.3264;%%",
}
 
@article{Alwall:2008ag,
      author         = "Alwall, Johan and Schuster, Philip and Toro, Natalia",
      title          = "{Simplified Models for a First Characterization of New
                        Physics at the LHC}",
      journal        = "Phys.Rev.",
      volume         = "D79",
      pages          = "075020",
      doi            = "10.1103/PhysRevD.79.075020",
      year           = "2009",
      eprint         = "0810.3921",
      archivePrefix  = "arXiv",
      primaryClass   = "hep-ph",
      reportNumber   = "SLAC-PUB-13425, SU-ITP-08-24",
      SLACcitation   = "%%CITATION = ARXIV:0810.3921;%%",
}



%degenerate higgsinos
@article{Giudice:2010wb,
      author         = "Giudice, Gian F. and Han, Tao and Wang, Kai and Wang,
                        Lian-Tao",
      title          = "{Nearly Degenerate Gauginos and Dark Matter at the LHC}",
      journal        = "Phys.Rev.",
      volume         = "D81",
      pages          = "115011",
      doi            = "10.1103/PhysRevD.81.115011",
      year           = "2010",
      eprint         = "1004.4902",
      archivePrefix  = "arXiv",
      primaryClass   = "hep-ph",
      reportNumber   = "CERN-PH-TH-2010-056, MADPH-10-1556, IPMU09-0102",
      SLACcitation   = "%%CITATION = ARXIV:1004.4902;%%",
}

@article{Han:2013kza,
      author         = "Han, T. and Padhi, S. and Su, S.",
      title          = "{Electroweakinos in the Light of the Higgs Boson}",
      journal        = "Phys.Rev.",
      volume         = "D88",
      pages          = "115010",
      doi            = "10.1103/PhysRevD.88.115010",
      year           = "2013",
      eprint         = "1309.5966",
      archivePrefix  = "arXiv",
      primaryClass   = "hep-ph",
      reportNumber   = "PITT-PACC-1101",
      SLACcitation   = "%%CITATION = ARXIV:1309.5966;%%",
}



%top polarization
@article{Low:2013aza,
      author         = "Low, Ian",
      title          = "{Polarized charginos (and top quarks) in scalar top quark
                        decays}",
      journal        = "Phys.Rev.",
      number         = "9",
      volume         = "D88",
      pages          = "095018",
      doi            = "10.1103/PhysRevD.88.095018",
      year           = "2013",
      eprint         = "1304.0491",
      archivePrefix  = "arXiv",
      primaryClass   = "hep-ph",
      SLACcitation   = "%%CITATION = ARXIV:1304.0491;%%",
}


%top pt reweighting
@article{Chatrchyan:2012saa,
      author         = "Chatrchyan, Serguei and others",
      title          = "{Measurement of differential top-quark pair production
                        cross sections in $pp$ colisions at $\sqrt{s}=7$ TeV}",
      collaboration  = "CMS Collaboration",
      journal        = "Eur.Phys.J.",
      volume         = "C73",
      pages          = "2339",
      doi            = "10.1140/epjc/s10052-013-2339-4",
      year           = "2013",
      eprint         = "1211.2220",
      archivePrefix  = "arXiv",
      primaryClass   = "hep-ex",
      reportNumber   = "CMS-TOP-11-013, CERN-PH-EP-2012-322",
      SLACcitation   = "%%CITATION = ARXIV:1211.2220;%%",
}

@custom{CMS:fxa,
      inspirehep     = "1230247",
      title          = "{Measurement of differential top-quark pair production
                        cross sections in the lepton+jets channel in pp collisions
                        at 8 TeV}",
      collaboration  = "CMS Collaboration",
      year           = "2013",
      TYPE        = "CMS Physics Analysis Summary",
      reportNumber   = "CMS-PAS-TOP-12-027",
      SLACcitation   = "%%CITATION = CMS-PAS-TOP-12-027 ETC.;%%",
}

@custom{CMS:cxa,
      inspirehep     = "1230244",
      title          = "{Measurement of the differential top-quark pair
                        production cross section in the dilepton channel in pp
                        collisions at p s = 8 TeV}",
      collaboration  = "CMS Collaboration",
      year           = "2013",
      TYPE           = "CMS Physics Analysis Summary",
      reportNumber   = "CMS-PAS-TOP-12-028",
      SLACcitation   = "%%CITATION = CMS-PAS-TOP-12-028 ETC.;%%",
}

@article{Kidonakis:2012rm,
      author         = "Kidonakis, Nikolaos",
      title          = "{NNLL threshold resummation for top-pair and single-top
                        production}",
      journal        = "Phys.Part.Nucl.",
      volume         = "45",
      pages          = "714",
      year           = "2014",
      eprint         = "1210.7813",
      archivePrefix  = "arXiv",
      primaryClass   = "hep-ph",
      SLACcitation   = "%%CITATION = ARXIV:1210.7813;%%",
}

@unpublished{cmsPtReweight,
  author={},
  collaboration="{CMS Collaboration}",
  title="{Top \pt\ reweighting twiki}",
  journal={},
  volume={},
  number={},
  pages={},
  url="{https://twiki.cern.ch/twiki/bin/viewauth/CMS/TopPtReweighting}",
  year={},
  abstract={},
}



%metTwiki
@unpublished{metTwiki,
  author={},
  collaboration="{CMS Collaboration}",
  title="{MET Optional Filters}",
  journal={},
  volume={},
  number={},
  pages={},
  url="{https://twiki.cern.ch/twiki/bin/viewauth/CMS/MissingETOptionalFilters}",
  year={},
  abstract={},
}

%mt
@article{Arnison:1983rp,
      author         = "Arnison, G. and others",
      title          = "{Experimental Observation of Isolated Large Transverse
                        Energy Electrons with Associated Missing Energy at
                        s**(1/2) = 540-GeV}",
      collaboration  = "UA1 Collaboration",
      journal        = "Phys.Lett.",
      volume         = "B12Arnison:1983rp2",
      pages          = "103-116",
      doi            = "10.1016/0370-2693(83)91177-2",
      year           = "1983",
      reportNumber   = "CERN-EP-83-13",
      SLACcitation   = "%%CITATION = PHLTA,B122,103;%%",
}

@article{Banner:1983jy,
      author         = "Banner, M. and others",
      title          = "{Observation of Single Isolated Electrons of High
                        Transverse Momentum in Events with Missing Transverse
                        Energy at the CERN anti-p p Collider}",
      collaboration  = "UA2 Collaboration",
      journal        = "Phys.Lett.",
      volume         = "B122",
      pages          = "476-485",
      doi            = "10.1016/0370-2693(83)91605-2",
      year           = "1983",
      reportNumber   = "CERN-EP-83-25",
      SLACcitation   = "%%CITATION = PHLTA,B122,476;%%",
}



%mt2w
@article{Bai:2012gs,
      author         = "Bai, Yang and Cheng, Hsin-Chia and Gallicchio, Jason and
                        Gu, Jiayin",
      title          = "{Stop the Top Background of the Stop Search}",
      journal        = "JHEP",
      volume         = "1207",
      pages          = "110",
      doi            = "10.1007/JHEP07(2012)110",
      year           = "2012",
      eprint         = "1203.4813",
      archivePrefix  = "arXiv",
      primaryClass   = "hep-ph",
      reportNumber   = "SLAC-PUB-14897",
      SLACcitation   = "%%CITATION = ARXIV:1203.4813;%%",
}



%%%%%%%%%%%%%%%%%%%%%%%%%%%%%%%%%%%%%%%
%%%%%%%%%%%%%%%%%%%%%%%%%%%%%%%%%%%%%%%
%%                                   %%
%% A N A L Y S I S   S T R A T E G Y %%
%%                                   %%
%%%%%%%%%%%%%%%%%%%%%%%%%%%%%%%%%%%%%%%
%%%%%%%%%%%%%%%%%%%%%%%%%%%%%%%%%%%%%%%





%%%%%%%%%%%%%%%%%%%
%%%%%%%%%%%%%%%%%%%
%%               %%
%% R E S U L T S %%
%%               %%
%%%%%%%%%%%%%%%%%%%
%%%%%%%%%%%%%%%%%%%



% CLs
@article{Read:2002hq,
      author         = "Read, Alexander L.",
      title          = "{Presentation of search results: The CL(s) technique}",
      journal        = "J.Phys.",
      volume         = "G28",
      pages          = "2693-2704",
      doi            = "10.1088/0954-3899/28/10/313",
      year           = "2002",
      SLACcitation   = "%%CITATION = JPHGB,G28,2693;%%",
}

@article{Read:2000ru,
      author         = "Read, Alexander L.",
      title          = "{Modified frequentist analysis of search results (The
                        CL(s) method)}",
      year           = "2000",
      reportNumber   = "CERN-OPEN-2000-205",
      SLACcitation   = "%%CITATION = CERN-OPEN-2000-205 ETC.;%%",
      inspirehep     = "532313"
}

@article{Junk:1999kv,
      author         = "Junk, Thomas",
      title          = "{Confidence level computation for combining searches with
                        small statistics}",
      journal        = "Nucl.Instrum.Meth.",
      volume         = "A434",
      pages          = "435-443",
      doi            = "10.1016/S0168-9002(99)00498-2",
      year           = "1999",
      eprint         = "hep-ex/9902006",
      archivePrefix  = "arXiv",
      primaryClass   = "hep-ex",
      reportNumber   = "CARLETON-OPAL-PHYS-99-01, CERN-EP-99-041",
      SLACcitation   = "%%CITATION = HEP-EX/9902006;%%",
}



%Higgs combination
@article{ATLAS:2011tau,
      inspirehep     = "1196797",
      title          = "{Procedure for the LHC Higgs boson search combination in
                        summer 2011}",
      collaboration  = "ATLAS and CMS Collaborations",
      year           = "2011",
      reportNumber   = "ATL-PHYS-PUB-2011-011, ATL-COM-PHYS-2011-818,
                        CMS-NOTE-2011-005",
      SLACcitation   = "%%CITATION = ATL-PHYS-PUB-2011-011 ETC.;%%",
}



%hybrid
@article{Cousins:1991qz,
      author         = "Cousins, Robert D. and Highland, Virgil L.",
      title          = "{Incorporating systematic uncertainties into an upper
                        limit}",
      journal        = "Nucl.Instrum.Meth.",
      volume         = "A320",
      pages          = "331-335",
      doi            = "10.1016/0168-9002(92)90794-5",
      year           = "1992",
      reportNumber   = "DOE-ER-40389-69-REV, DOE-ER-40389-69",
      SLACcitation   = "%%CITATION = NUIMA,A320,331;%%",
}



%test statics
@article{Cowan:2010js,
      author         = "Cowan, Glen and Cranmer, Kyle and Gross, Eilam and
                        Vitells, Ofer",
      title          = "{Asymptotic formulae for likelihood-based tests of new
                        physics}",
      journal        = "Eur.Phys.J.",
      volume         = "C71",
      pages          = "1554",
      doi            = "10.1140/epjc/s10052-011-1554-0",
      year           = "2011",
      eprint         = "1007.1727",
      archivePrefix  = "arXiv",
      primaryClass   = "physics.data-an",
      SLACcitation   = "%%CITATION = ARXIV:1007.1727;%%",
}



%L&S
@unpublished{lands,
  author={},
  collaboration="{Chen, M. and Korytov, A.}",
  title="{Limits and significancs}",
  journal={},
  volume={},
  number={},
  pages={},
  url="{https://mschen.web.cern.ch/mschen/LandS/}",
  year={},
  abstract={},
}



%minuit
@article{Verkerke:2007zz,
      author         = "Verkerke, Wouter",
      title          = "{Statistical software for the LHC}",
      pages          = "169-178",
      year           = "2007",
      reportNumber   = "CERN-2008-001",
      SLACcitation   = "%%CITATION = CERN-2008-001 ETC.;%%",
      inspirehep     = "776345"
}



%%%%%%%%%%%%%%%%%%%%%%%%%%%%%%%%%%%%%%%%%%%%%
%%%%%%%%%%%%%%%%%%%%%%%%%%%%%%%%%%%%%%%%%%%%%
%%                                         %%
%% H C A L   U P G R A D E   S T U D I E S %%
%%                                         %%
%%%%%%%%%%%%%%%%%%%%%%%%%%%%%%%%%%%%%%%%%%%%%
%%%%%%%%%%%%%%%%%%%%%%%%%%%%%%%%%%%%%%%%%%%%%


%Madgraph v4
@Article{Alwall:2007st,
     author    = "Alwall, Johan and others",
     title     = "{MadGraph/MadEvent v4: The New Web Generation}",
     journal   = "JHEP",
     volume    = "09",
     year      = "2007",
     pages     = "028",
     eprint    = "0706.2334",
     archivePrefix = "arXiv",
     primaryClass  =  "hep-ph",
     doi       = "10.1088/1126-6708/2007/09/028",
     SLACcitation  = "%%CITATION = 0706.2334;%%"
}



%tauola old
@Article{Was:2000st,
     author    = "Was, Z.",
     title     = "{TAUOLA the library for tau lepton decay, and
                  KKMC/KORALB/KORALZ/...  status report}",
     journal   = "Nucl. Phys. Proc. Suppl.",
     volume    = "98",
     year      = "2001",
     pages     = "96-102",
     eprint    = "hep-ph/0011305",
     archivePrefix = "arXiv",
     doi       = "10.1016/S0920-5632(01)01200-2",
     SLACcitation  = "%%CITATION = HEP-PH/0011305;%%"
}



%softsusy
@article{Allanach:2001kg,
      author         = "Allanach, B.C.",
      title          = "{SOFTSUSY: a program for calculating supersymmetric
                        spectra}",
      journal        = "Comput.Phys.Commun.",
      volume         = "143",
      pages          = "305-331",
      doi            = "10.1016/S0010-4655(01)00460-X",
      year           = "2002",
      eprint         = "hep-ph/0104145",
      archivePrefix  = "arXiv",
      primaryClass   = "hep-ph",
      reportNumber   = "CERN-TH-2001-102",
      SLACcitation   = "%%CITATION = HEP-PH/0104145;%%",
}


%%%% ARTUR
@article{Chatrchyan:2013iqa,
      author         = "Chatrchyan, Serguei and others",
      title          = "{Search for supersymmetry in pp collisions at
                        $\sqrt{s}$=8 TeV in events with a single lepton, large jet multiplicity, and multiple b jets}",
      collaboration  = "CMS Collaboration",
      journal        = "Phys.Lett.",
      volume         = "B733",
      pages          = "328-353",
      doi            = "10.1016/j.physletb.2014.04.023",
      year           = "2014",
      eprint         = "1311.4937",
      archivePrefix  = "arXiv",
      primaryClass   = "hep-ex",
      reportNumber   = "CMS-SUS-13-007, CERN-PH-EP-2013-209",
      SLACcitation   = "%%CITATION = ARXIV:1311.4937;%%",
}

@article{Chatrchyan:2012sca,
      author         = "Chatrchyan, Serguei and others",
      title          = "{Search for supersymmetry in final states with a single
                        lepton, $b$-quark jets, and missing transverse energy in
                        proton-proton collisions at $\sqrt{s}=7$ TeV}",
      collaboration  = "CMS Collaboration",
      journal        = "Phys.Rev.",
      number         = "5",
      volume         = "D87",
      pages          = "052006",
      doi            = "10.1103/PhysRevD.87.052006",
      year           = "2013",
      eprint         = "1211.3143",
      archivePrefix  = "arXiv",
      primaryClass   = "hep-ex",
      reportNumber   = "CMS-SUS-11-028, CERN-PH-EP-2012-316",
      SLACcitation   = "%%CITATION = ARXIV:1211.3143;%%",
}

@article{Chatrchyan:2012ola,
      author         = "Chatrchyan, Serguei and others",
      title          = "{Search for supersymmetry in $pp$ collisions at
                        $\sqrt{s}=7$ TeV in events with a single lepton, jets, and
                        missing transverse momentum}",
      collaboration  = "CMS Collaboration",
      journal        = "Eur.Phys.J.",
      volume         = "C73",
      pages          = "2404",
      doi            = "10.1140/epjc/s10052-013-2404-z",
      year           = "2013",
      eprint         = "1212.6428",
      archivePrefix  = "arXiv",
      primaryClass   = "hep-ex",
      reportNumber   = "CMS-SUS-12-010, CERN-PH-EP-2012-348",
      SLACcitation   = "%%CITATION = ARXIV:1212.6428;%%",
}
