%%%%%%%%%%%%%%%%%%%
%%%%%%%%%%%%%%%%%%%
%%%%%% MC
%%%%%%%%%%%%%%%%%%%
%%%%%%%%%%%%%%%%%%%


%Factorization theorem
@article{Factorisation,
      author         = "Drell, S.D. and Yan, Tung-Mow",
      title          = "{Massive Lepton Pair Production in Hadron-Hadron
                        Collisions at High-Energies}",
      journal        = "Phys.Rev.Lett.",
      volume         = "25",
      pages          = "316-320",
      doi            = "10.1103/PhysRevLett.25.316",
      year           = "1970",
      reportNumber   = "SLAC-PUB-0755",
      SLACcitation   = "%%CITATION = PRLTA,25,316;%%",
}

%Herwig
@article{Herwig,
     author    = "Corcella, G. and Knowles, I.G. and Marchesini, G. and Moretti, S. and Odagiri, K. and Richardson, P. and Seymour, M.H. and Webber, B.R.",
     title     = "{HERWIG 6.5: an event generator for Hadron Emission Reactions With Interfering Gluons (including supersymmetric processes)}",
     journal   = "JHEP",
     volume    = "01",
     year      = "2001",
     pages     = "010",
     eprint    = "hep-ph/0011363",
 archivePrefix = "arXiv",
}

%Powheg

@Article{MC_powheg,
     author    = "Frixione, Stefano and Nason, Paolo and Ridolfi, Giovanni",
     title     = "{The POWHEG-hvq manual version 1.0}",
     eprint    = "0707.3081",
 primaryClass  = "hep-ph",
 archivePrefix = "arXiv",
}


%CKKM
@article{CKKM,
      author         = "Catani, S. and Krauss, F. and Kuhn, R. and Webber, B.R.",
      title          = "{QCD matrix elements + parton showers}",
      journal        = "JHEP",
      volume         = "0111",
      pages          = "063",
      doi            = "10.1088/1126-6708/2001/11/063",
      year           = "2001",
      eprint         = "hep-ph/0109231",
      archivePrefix  = "arXiv",
      primaryClass   = "hep-ph",
      reportNumber   = "CERN-TH-2000-367, CAVENDISH-HEP-00-03",
      SLACcitation   = "%%CITATION = HEP-PH/0109231;%%",
}

%lund string model
@article{LundString,
      author         = "Andersson, Bo and Gustafson, G. and Ingelman, G. and
                        Sjostrand, T.",
      title          = "{Parton Fragmentation and String Dynamics}",
      journal        = "Phys.Rept.",
      volume         = "97",
      pages          = "31-145",
      doi            = "10.1016/0370-1573(83)90080-7",
      year           = "1983",
      reportNumber   = "LU-TP-83-10",
      SLACcitation   = "%%CITATION = PRPLC,97,31;%%",
}

% HargProcesses 
@article{ hard,
      author         = "Marchesini, G. and Webber, B.R.",
      title          = "{Monte Carlo Simulation of General Hard Processes with
                        Coherent QCD Radiation}",
      journal        = "Nucl.Phys.",
      volume         = "B310",
      pages          = "461",
      doi            = "10.1016/0550-3213(88)90089-2",
      year           = "1988",
      reportNumber   = "CAVENDISH-HEP-87-8, UPRF-87-212",
      SLACcitation   = "%%CITATION = NUPHA,B310,461;%%",
}

%pythia
@article{Pythia6,
      author         = "Sjostrand, Torbjorn and Mrenna, Stephen and Skands, Peter
                        Z.",
      title          = "{PYTHIA 6.4 Physics and Manual}",
      journal        = "JHEP",
      volume         = "0605",
      pages          = "026",
      doi            = "10.1088/1126-6708/2006/05/026",
      year           = "2006",
      eprint         = "hep-ph/0603175",
      archivePrefix  = "arXiv",
      primaryClass   = "hep-ph",
      reportNumber   = "FERMILAB-PUB-06-052-CD-T, LU-TP-06-13",
      SLACcitation   = "%%CITATION = HEP-PH/0603175;%%",
}

%Underlying event
@article{UnderlyingEventEarlyLHC,
      author         = "Field, Rick",
      title          = "{Early LHC Underlying Event Data - Findings and
                        Surprises}",
      year           = "2010",
      eprint         = "1010.3558",
      archivePrefix  = "arXiv",
      primaryClass   = "hep-ph",
      SLACcitation   = "%%CITATION = ARXIV:1010.3558;%%",
}

@article{UnderlyingEventActivity,
      author         = "Chatrchyan, Serguei and others",
      title          = "{Measurement of the Underlying Event Activity at the LHC
                        with $\sqrt{s}= 7$ TeV and Comparison with $\sqrt{s} =
                        0.9$ TeV}",
      collaboration  = "CMS Collaboration",
      journal        = "JHEP",
      volume         = "1109",
      pages          = "109",
      doi            = "10.1007/JHEP09(2011)109",
      year           = "2011",
      eprint         = "1107.0330",
      archivePrefix  = "arXiv",
      primaryClass   = "hep-ex",
      reportNumber   = "CERN-PH-EP-2011-059, CMS-QCD-10-010",
      SLACcitation   = "%%CITATION = ARXIV:1107.0330;%%",
}


%MCFM
@article{MCFM,
      author         = "Campbell, John M. and Ellis, R.K.",
      title          = "{MCFM for the Tevatron and the LHC}",
      journal        = "Nucl.Phys.Proc.Suppl.",
      volume         = "205-206",
      pages          = "10-15",
      doi            = "10.1016/j.nuclphysbps.2010.08.011",
      year           = "2010",
      eprint         = "1007.3492",
      archivePrefix  = "arXiv",
      primaryClass   = "hep-ph",
      reportNumber   = "FERMILAB-CONF-10-244-T",
      SLACcitation   = "%%CITATION = ARXIV:1007.3492;%%",
}


%Powheg
@article{Powheg,
      author         = "Nason, Paolo",
      title          = "{A New method for combining NLO QCD with shower Monte
                        Carlo algorithms}",
      journal        = "JHEP",
      volume         = "0411",
      pages          = "040",
      doi            = "10.1088/1126-6708/2004/11/040",
      year           = "2004",
      eprint         = "hep-ph/0409146",
      archivePrefix  = "arXiv",
      primaryClass   = "hep-ph",
      reportNumber   = "BICOCCA-FT-04-11",
      SLACcitation   = "%%CITATION = HEP-PH/0409146;%%",
}

@article{PowhegMatching,
      author         = "Frixione, Stefano and Nason, Paolo and Oleari, Carlo",
      title          = "{Matching NLO QCD computations with Parton Shower
                        simulations: the POWHEG method}",
      journal        = "JHEP",
      volume         = "0711",
      pages          = "070",
      doi            = "10.1088/1126-6708/2007/11/070",
      year           = "2007",
      eprint         = "0709.2092",
      archivePrefix  = "arXiv",
      primaryClass   = "hep-ph",
      reportNumber   = "BICOCCA-FT-07-9, GEF-TH-21-2007",
      SLACcitation   = "%%CITATION = ARXIV:0709.2092;%%",
}

@article{PowhegNLO,
      author         = "Alioli, Simone and Nason, Paolo and Oleari, Carlo and Re,
                        Emanuele",
      title          = "{NLO vector-boson production matched with shower in
                        POWHEG}",
      journal        = "JHEP",
      volume         = "0807",
      pages          = "060",
      doi            = "10.1088/1126-6708/2008/07/060",
      year           = "2008",
      eprint         = "0805.4802",
      archivePrefix  = "arXiv",
      primaryClass   = "hep-ph",
      reportNumber   = "NSF-KITP-08-74",
      SLACcitation   = "%%CITATION = ARXIV:0805.4802;%%",
}

%tauola
@article{tauola,
      author         = "Was, Zbigniew",
      title          = "{TAUOLA for simulation of tau decay and production:
                        perspectives for precision low energy and LHC
                        applications}",
      journal        = "Nucl.Phys.Proc.Suppl.",
      volume         = "218",
      pages          = "249-255",
      doi            = "10.1016/j.nuclphysbps.2011.06.040",
      year           = "2011",
      eprint         = "1101.1652",
      archivePrefix  = "arXiv",
      primaryClass   = "hep-ph",
      reportNumber   = "IFJPAN-IV-2011-1",
      SLACcitation   = "%%CITATION = ARXIV:1101.1652;%%",
}

%Geant
@article{Geant4,
      author         = "Agostinelli, S. and others",
      title          = "{GEANT4: A Simulation toolkit}",
      collaboration  = "GEANT4",
      journal        = "Nucl.Instrum.Meth.",
      volume         = "A506",
      pages          = "250-303",
      doi            = "10.1016/S0168-9002(03)01368-8",
      year           = "2003",
      reportNumber   = "SLAC-PUB-9350, FERMILAB-PUB-03-339",
      SLACcitation   = "%%CITATION = NUIMA,A506,250;%%",
}

@article{GeantApplications,
      author         = "Allison, John and Amako, K. and Apostolakis, J. and
                        Araujo, H. and Dubois, P.A. and others",
      title          = "{Geant4 developments and applications}",
      journal        = "IEEE Trans.Nucl.Sci.",
      volume         = "53",
      pages          = "270",
      doi            = "10.1109/TNS.2006.869826",
      year           = "2006",
      reportNumber   = "SLAC-PUB-11870",
      SLACcitation   = "%%CITATION = IETNA,53,270;%%",
}

%%%%%%%%%%%%%%%%%%%
%%%%%%%%%%%%%%%%%%%
%%%%%% EtMiss calculation
%%%%%%%%%%%%%%%%%%%
%%%%%%%%%%%%%%%%%%%

@techreport{ATLAS-CONF-2014-019,
      title         = "{Pile-up Suppression in Missing Transverse Momentum
                       Reconstruction in the ATLAS Experiment in Proton-Proton
                       Collisions at sqrt{s} = 8 TeV}",
      institution   = "CERN",
      address       = "Geneva",
      number        = "ATLAS-CONF-2014-019",
      month         = "May",
      year          = "2014",
      reportNumber  = "ATLAS-CONF-2014-019",
      url           = "https://cds.cern.ch/record/1702055",
}

@article{Aad2012,
  doi = {10.1140/epjc/s10052-011-1844-6},
  url = {https://doi.org/10.1140%2Fepjc%2Fs10052-011-1844-6},
  year  = {2012},
  month = {jan},
  publisher = {Springer Nature},
  volume = {72},
  number = {1},
  collaboration  = "ATLAS collaboration",
  title = {Performance of missing transverse momentum reconstruction in proton-proton collisions at {\textdollar}{\textbackslash}sqrt$\lbrace$s$\rbrace$ = 7{\textasciitilde}{\textbackslash}mbox$\lbrace${TeV}$\rbrace${\textdollar} with {ATLAS}},
  journal = {The European Physical Journal C}
}

@techreport{HadrRecoilFirst,
      author        = "Nguyen, T H V and Besson, N and Boonekamp, M",
      title         = "{ETmiss from the reconstruction and calibration of the
                       hadronic recoil}",
      institution   = "CERN",
      address       = "Geneva",
      number        = "ATL-PHYS-INT-2010-039",
      month         = "Apr",
      year          = "2010",
      reportNumber  = "ATL-PHYS-INT-2010-039",
      url           = "https://cds.cern.ch/record/1259680",
}

@techreport{HRPlots,
      author        = "Schott, Matthias and Siragusa, Giovanni and Cuth, Jakub
                       and Lin, Tai-hua",
      title         = "{Measurement of $m_W$ at 7 TeV: Reconstruction of the
                       hadronic recoil}",
      institution   = "CERN",
      address       = "Geneva",
      number        = "ATL-COM-PHYS-2014-1435",
      month         = "Nov",
      year          = "2014",
      reportNumber  = "ATL-COM-PHYS-2014-1435",
      url           = "https://cds.cern.ch/record/1966964",
}

%%%%%%%%%%%%%%%%%%%
%%%%%%%%%%%%%%%%%%%
%%%%%% MC corrections
%%%%%%%%%%%%%%%%%%%
%%%%%%%%%%%%%%%%%%%

@article{AtlasExperiment,
      author         = "ATLAS collaboration",
      title          = "{The ATLAS experiment at the CERN Large Hadron Collider}",
      journal        = "JINST",
      volume         = "3",
      doi            = "10.1088/1748-0221/3/08/S08003",
      year           = "2008",
}

@techreport{HRCorrections,
      author        = "Dimitrievska, Aleksandra and Vranjes, Nenad and Schott,
                       Matthias and Boonekamp, Maarten",
      title         = "{Measurement of $m_W$ at 7 TeV: Hadronic recoil
                       corrections}",
      institution   = "CERN",
      address       = "Geneva",
      number        = "ATL-COM-PHYS-2015-344",
      month         = "Apr",
      year          = "2015",
      reportNumber  = "ATL-COM-PHYS-2015-344",
      url           = "https://cds.cern.ch/record/2013274",
}

