%%%%%%%%%%%%%%%%%%%
%%%%%%%%%%%%%%%%%%%
%%%%%% MC
%%%%%%%%%%%%%%%%%%%
%%%%%%%%%%%%%%%%%%%

%Validation on electrons 
@misc{ElecForwardVal, 
 author = {},
   title = {Validation of the frozen showers libraries on forward electrons results},
    howpublished = {\url{http://atlas-computing.web.cern.ch/atlas-computing/links/PhysValDir/Egamma/electrons/10_02_2017/task1/}},
journal ={},
month = {},
year = {},
}


@misc{ZeeVal, 
 author = {},
    title = "Validation of the frozen showers libraries on Zee sample with 1 electron in a forward region",
    howpublished = {\url{http://atlas-computing.web.cern.ch/atlas-computing/links/PhysValDir/SMZee/01-12-2016/task1_norm/Zee/FWDZee/index.html}},
journal ={},
month = {},
year = {},
}

@misc{JetsVal, 
  author = {},
  title = "Validation of the frozen showers libraries on jets sample",
    howpublished = {\url{https://atlas-computing.web.cern.ch/atlas-computing/links/PhysValDir/JetEtMiss/jet_17-02-10_task1/JetsETmiss/Jets/AntiKt10LCTopoJets/index.html}},
journal ={},
month = {},
year = {},
}

%Factorization theorem
@article{Factorisation,
      author         = "Drell, S.D. and Yan, Tung-Mow",
      title          = "{Massive Lepton Pair Production in Hadron-Hadron
                        Collisions at High-Energies}",
      journal        = "Phys.Rev.Lett.",
      volume         = "25",
      pages          = "316-320",
      doi            = "10.1103/PhysRevLett.25.316",
      year           = "1970",
      reportNumber   = "SLAC-PUB-0755",
      SLACcitation   = "%%CITATION = PRLTA,25,316;%%",
}

%Herwig
@article{Herwig,
     author    = "Corcella, G. and Knowles, I.G. and Marchesini, G. and Moretti, S. and Odagiri, K. and Richardson, P. and Seymour, M.H. and Webber, B.R.",
     title     = "{HERWIG 6.5: an event generator for Hadron Emission Reactions With Interfering Gluons (including supersymmetric processes)}",
     journal   = "JHEP",
     volume    = "01",
     year      = "2001",
     pages     = "010",
     eprint    = "hep-ph/0011363",
 archivePrefix = "arXiv",
}

%Powheg

@Article{MC_powheg,
     author    = "Frixione, Stefano and Nason, Paolo and Ridolfi, Giovanni",
     title     = "{The POWHEG-hvq manual version 1.0}",
     eprint    = "0707.3081",
 primaryClass  = "hep-ph",
 archivePrefix = "arXiv",
}


%CKKM
@article{CKKM,
      author         = "Catani, S. and Krauss, F. and Kuhn, R. and Webber, B.R.",
      title          = "{QCD matrix elements + parton showers}",
      journal        = "JHEP",
      volume         = "0111",
      pages          = "063",
      doi            = "10.1088/1126-6708/2001/11/063",
      year           = "2001",
      eprint         = "hep-ph/0109231",
      archivePrefix  = "arXiv",
      primaryClass   = "hep-ph",
      reportNumber   = "CERN-TH-2000-367, CAVENDISH-HEP-00-03",
      SLACcitation   = "%%CITATION = HEP-PH/0109231;%%",
}

%lund string model
@article{LundString,
      author         = "Andersson, Bo and Gustafson, G. and Ingelman, G. and
                        Sjostrand, T.",
      title          = "{Parton Fragmentation and String Dynamics}",
      journal        = "Phys.Rept.",
      volume         = "97",
      pages          = "31-145",
      doi            = "10.1016/0370-1573(83)90080-7",
      year           = "1983",
      reportNumber   = "LU-TP-83-10",
      SLACcitation   = "%%CITATION = PRPLC,97,31;%%",
}

% HargProcesses 
@article{ hard,
      author         = "Marchesini, G. and Webber, B.R.",
      title          = "{Monte Carlo Simulation of General Hard Processes with
                        Coherent QCD Radiation}",
      journal        = "Nucl.Phys.",
      volume         = "B310",
      pages          = "461",
      doi            = "10.1016/0550-3213(88)90089-2",
      year           = "1988",
      reportNumber   = "CAVENDISH-HEP-87-8, UPRF-87-212",
      SLACcitation   = "%%CITATION = NUPHA,B310,461;%%",
}

%pythia
@article{Pythia6,
      author         = "Sjostrand, Torbjorn and Mrenna, Stephen and Skands, Peter
                        Z.",
      title          = "{PYTHIA 6.4 Physics and Manual}",
      journal        = "JHEP",
      volume         = "0605",
      pages          = "026",
      doi            = "10.1088/1126-6708/2006/05/026",
      year           = "2006",
      eprint         = "hep-ph/0603175",
      archivePrefix  = "arXiv",
      primaryClass   = "hep-ph",
      reportNumber   = "FERMILAB-PUB-06-052-CD-T, LU-TP-06-13",
      SLACcitation   = "%%CITATION = HEP-PH/0603175;%%",
}

%Underlying event
@article{UnderlyingEventEarlyLHC,
      author         = "Field, Rick",
      title          = "{Early LHC Underlying Event Data - Findings and
                        Surprises}",
      year           = "2010",
      eprint         = "1010.3558",
      archivePrefix  = "arXiv",
      primaryClass   = "hep-ph",
      SLACcitation   = "%%CITATION = ARXIV:1010.3558;%%",
}

@article{UnderlyingEventActivity,
      author         = "Chatrchyan, Serguei and others",
      title          = "{Measurement of the Underlying Event Activity at the LHC
                        with $\sqrt{s}= 7$ TeV and Comparison with $\sqrt{s} =
                        0.9$ TeV}",
      collaboration  = "CMS Collaboration",
      journal        = "JHEP",
      volume         = "1109",
      pages          = "109",
      doi            = "10.1007/JHEP09(2011)109",
      year           = "2011",
      eprint         = "1107.0330",
      archivePrefix  = "arXiv",
      primaryClass   = "hep-ex",
      reportNumber   = "CERN-PH-EP-2011-059, CMS-QCD-10-010",
      SLACcitation   = "%%CITATION = ARXIV:1107.0330;%%",
}


%MCFM
@article{MCFM,
      author         = "Campbell, John M. and Ellis, R.K.",
      title          = "{MCFM for the Tevatron and the LHC}",
      journal        = "Nucl.Phys.Proc.Suppl.",
      volume         = "205-206",
      pages          = "10-15",
      doi            = "10.1016/j.nuclphysbps.2010.08.011",
      year           = "2010",
      eprint         = "1007.3492",
      archivePrefix  = "arXiv",
      primaryClass   = "hep-ph",
      reportNumber   = "FERMILAB-CONF-10-244-T",
      SLACcitation   = "%%CITATION = ARXIV:1007.3492;%%",
}

%APPLGRID 
@article{APPLGRID,
Author = {Tancredi Carli and Dan Clements and Amanda Cooper-Sarkar and Claire Gwenlan and Gavin P. Salam and Frank Siegert and Pavel Starovoitov and Mark Sutton},
Title = {A posteriori inclusion of parton density functions in NLO QCD final-state calculations at hadron colliders: The APPLGRID Project},
Year = {2009},
Eprint = {arXiv:0911.2985},
Howpublished = {Eur.Phys.J.C66:503-524,2010},
Doi = {10.1140/epjc/s10052-010-1255-0},
}

%ATLASEP
@article{ATLASEP,
  doi = {10.1103/physrevlett.109.012001},
  url = {https://doi.org/10.1103/physrevlett.109.012001},
  year  = {2012},
  month = {jul},
  publisher = {American Physical Society ({APS})},
  volume = {109},
  number = {1},
  collaboration = {ATLAS Collaboration},
    title = {Determination of the Strange-Quark Density of the Proton from {ATLAS} Measurements of {theW}$\rightarrow$$\ell$$\upnu${andZ}$\rightarrow$$\ell$$\ell$Cross Sections},
  journal = {Physical Review Letters}
}

%ABM12
@article{ABM12,
Author = {S. Alekhin and J. Bluemlein and S. Moch},
Title = {The ABM parton distributions tuned to LHC data},
Year = {2013},
Eprint = {arXiv:1310.3059},
Howpublished = {Phys. Rev. D 89, 054028 (2014)},
Doi = {10.1103/PhysRevD.89.054028},
}

%HERAPDF
@misc{HERAPDF,
Author = { H1 and ZEUS Collaborations},
Title = {Combination of Measurements of Inclusive Deep Inelastic $e^{\pm}p$ Scattering Cross Sections and QCD Analysis of HERA Data},
Year = {2015},
Eprint = {arXiv:1506.06042},
}

%ABM09
@article{ABM09,
Author = {S. Alekhin and J. Bl√ºmlein and S. Klein and S. Moch},
Title = {The 3-, 4-, and 5-flavor NNLO Parton from Deep-Inelastic-Scattering Data and at Hadron Colliders},
Year = {2009},
Eprint = {arXiv:0908.2766},
Howpublished = {Phys.Rev.D81:014032,2010},
Doi = {10.1103/PhysRevD.81.014032},
}

%NNPDF2.3
@article{NNPDF23,
Author = {Richard D. Ball and Valerio Bertone and Stefano Carrazza and Christopher S. Deans and Luigi Del Debbio and Stefano Forte and Alberto Guffanti and Nathan P. Hartland and Jose I. Latorre and Juan Rojo and Maria Ubiali},
Title = {Parton distributions with LHC data},
Year = {2012},
Eprint = {arXiv:1207.1303},
Doi = {10.1016/j.nuclphysb.2012.10.003},
}

%CT14
@article{CT14,
Author = {Sayipjamal Dulat and Tie Jiun Hou and Jun Gao and Marco Guzzi and Joey Huston and Pavel Nadolsky and Jon Pumplin and Carl Schmidt and Daniel Stump and C. P. Yuan},
Title = {New parton distribution functions from a global analysis of quantum chromodynamics},
Year = {2015},
Eprint = {arXiv:1506.07443},
Howpublished = {Phys. Rev. D 93, 033006 (2016)},
Doi = {10.1103/PhysRevD.93.033006},
}

%MMHT
@article{MMHT,
Author = {L. A. Harland-Lang and A. D. Martin and P. Motylinski and R. S. Thorne},
Title = {Parton distributions in the LHC era: MMHT 2014 PDFs},
Year = {2014},
Eprint = {arXiv:1412.3989},
Doi = {10.1140/epjc/s10052-015-3397-6},
}

%Powheg
@article{Powheg,
      author         = "Nason, Paolo",
      title          = "{A New method for combining NLO QCD with shower Monte
                        Carlo algorithms}",
      journal        = "JHEP",
      volume         = "0411",
      pages          = "040",
      doi            = "10.1088/1126-6708/2004/11/040",
      year           = "2004",
      eprint         = "hep-ph/0409146",
      archivePrefix  = "arXiv",
      primaryClass   = "hep-ph",
      reportNumber   = "BICOCCA-FT-04-11",
      SLACcitation   = "%%CITATION = HEP-PH/0409146;%%",
}

@article{PowhegMatching,
      author         = "Frixione, Stefano and Nason, Paolo and Oleari, Carlo",
      title          = "{Matching NLO QCD computations with Parton Shower
                        simulations: the POWHEG method}",
      journal        = "JHEP",
      volume         = "0711",
      pages          = "070",
      doi            = "10.1088/1126-6708/2007/11/070",
      year           = "2007",
      eprint         = "0709.2092",
      archivePrefix  = "arXiv",
      primaryClass   = "hep-ph",
      reportNumber   = "BICOCCA-FT-07-9, GEF-TH-21-2007",
      SLACcitation   = "%%CITATION = ARXIV:0709.2092;%%",
}

@article{PowhegNLO,
      author         = "Alioli, Simone and Nason, Paolo and Oleari, Carlo and Re,
                        Emanuele",
      title          = "{NLO vector-boson production matched with shower in
                        POWHEG}",
      journal        = "JHEP",
      volume         = "0807",
      pages          = "060",
      doi            = "10.1088/1126-6708/2008/07/060",
      year           = "2008",
      eprint         = "0805.4802",
      archivePrefix  = "arXiv",
      primaryClass   = "hep-ph",
      reportNumber   = "NSF-KITP-08-74",
      SLACcitation   = "%%CITATION = ARXIV:0805.4802;%%",
}

%sherpa
@article{Sherpa,
Author = {T. Gleisberg and S. Hoeche and F. Krauss and M. Schoenherr and S. Schumann and F. Siegert and J. Winter},
Title = {Event generation with SHERPA 1.1},
Year = {2008},
Eprint = {arXiv:0811.4622},
journal = {JHEP 0902:007,2009},
Doi = {10.1088/1126-6708/2009/02/007},
}

@article{Photos,
title = "PHOTOS - a universal Monte Carlo for QED radiative corrections: version 2.0",
journal = "Computer Physics Communications",
volume = "79",
number = "2",
pages = "291 - 308",
year = "1994",
note = "",
issn = "0010-4655",
doi = "http://dx.doi.org/10.1016/0010-4655(94)90074-4",
url = "http://www.sciencedirect.com/science/article/pii/0010465594900744",
author = "Elisabetta Barberio and Zbigniew Was",

}

%tauola
@article{taluola,
      author         = "Was, Zbigniew",
      title          = "{TAUOLA for simulation of tau decay and production:
                        perspectives for precision low energy and LHC
                        applications}",
      journal        = "Nucl.Phys.Proc.Suppl.",
      volume         = "218",
      pages          = "249-255",
      doi            = "10.1016/j.nuclphysbps.2011.06.040",
      year           = "2011",
      eprint         = "1101.1652",
      archivePrefix  = "arXiv",
      primaryClass   = "hep-ph",
      reportNumber   = "IFJPAN-IV-2011-1",
      SLACcitation   = "%%CITATION = ARXIV:1101.1652;%%",
}

%Geant
@article{Geant4,
      author         = "Agostinelli, S. and others",
      title          = "{GEANT4: A Simulation toolkit}",
      collaboration  = "GEANT4",
      journal        = "Nucl.Instrum.Meth.",
      volume         = "A506",
      pages          = "250-303",
      doi            = "10.1016/S0168-9002(03)01368-8",
      year           = "2003",
      reportNumber   = "SLAC-PUB-9350, FERMILAB-PUB-03-339",
      SLACcitation   = "%%CITATION = NUIMA,A506,250;%%",
}

@article{GeantApplications,
      author         = "Allison, John and Amako, K. and Apostolakis, J. and
                        Araujo, H. and Dubois, P.A. and others",
      title          = "{Geant4 developments and applications}",
      journal        = "IEEE Trans.Nucl.Sci.",
      volume         = "53",
      pages          = "270",
      doi            = "10.1109/TNS.2006.869826",
      year           = "2006",
      reportNumber   = "SLAC-PUB-11870",
      SLACcitation   = "%%CITATION = IETNA,53,270;%%",
}

%%%%%%%%%%%%%%%%%%%
%%%%%%%%%%%%%%%%%%%
%%%%%% EtMiss calculation
%%%%%%%%%%%%%%%%%%%
%%%%%%%%%%%%%%%%%%%

@techreport{ATLAS-CONF-2014-019,
      title         = "{Pile-up Suppression in Missing Transverse Momentum
                       Reconstruction in the ATLAS Experiment in Proton-Proton
                       Collisions at $\sqrt{s}$ = 8 TeV}",
      author         = "ATLAS collaboration", 
      institution   = "CERN",
      address       = "Geneva",
      number        = "ATLAS-CONF-2014-019",
      month         = "May",
      year          = "2014",
      reportNumber  = "ATLAS-CONF-2014-019",
      url           = "https://cds.cern.ch/record/1702055",
}

@article{1110.3174,
Author = { ATLAS Collaboration},
Title = {Electron performance measurements with the ATLAS detector using the 2010 LHC proton-proton collision data},
Year = {2011},
Eprint = {arXiv:1110.3174},
journal = {Eur. Phys. J. C72 (2012) 1909},
Doi = {10.1140/epjc/s10052-012-1909-1},
}

@article{Aad2012,
  title = {Performance of missing transverse momentum reconstruction in proton-proton collisions at $\sqrt{s}$=7 TeV with {ATLAS}},
  author = {ATLAS collaboration},
  journal = {The European Physical Journal C},
  year  = {2012},
  month = {jan},
  publisher = {Springer Nature},
  volume = {72},
  number = {1},
  doi = {10.1140/epjc/s10052-011-1844-6}
}

@techreport{HadrRecoilFirst,
      author        = "Nguyen, T H V and Besson, N and Boonekamp, M",
      title         = "{ETmiss from the reconstruction and calibration of the
                       hadronic recoil}",
      institution   = "CERN",
      address       = "Geneva",
      number        = "ATL-PHYS-INT-2010-039",
      month         = "Apr",
      year          = "2010",
      reportNumber  = "ATL-PHYS-INT-2010-039",
      url           = "https://cds.cern.ch/record/1259680",
}

@techreport{HRPlots,
      author        = "Schott, Matthias and Siragusa, Giovanni and Cuth, Jakub
                       and Lin, Tai-hua",
      title         = "{Measurement of $m_W$ at 7 TeV: Reconstruction of the
                       hadronic recoil}",
      institution   = "CERN",
      address       = "Geneva",
      number        = "ATL-COM-PHYS-2014-1435",
      month         = "Nov",
      year          = "2014",
      reportNumber  = "ATL-COM-PHYS-2014-1435",
      url           = "https://cds.cern.ch/record/1966964",
}

%%%%%%%%%%%%%%%%%%%
%%%%%%%%%%%%%%%%%%%
%%%%%% MC corrections
%%%%%%%%%%%%%%%%%%%
%%%%%%%%%%%%%%%%%%%

@article{AtlasExperiment,
      author         = "ATLAS collaboration",
      title          = "{The ATLAS experiment at the CERN Large Hadron Collider}",
      journal        = "JINST",
      volume         = "3",
      doi            = "10.1088/1748-0221/3/08/S08003",
      year           = "2008",
}

@techreport{HRCorrections,
      author        = "Dimitrievska, Aleksandra and Vranjes, Nenad and Schott,
                       Matthias and Boonekamp, Maarten",
      title         = "{Measurement of $m_W$ at 7 TeV: Hadronic recoil
                       corrections}",
      institution   = "CERN",
      address       = "Geneva",
      number        = "ATL-COM-PHYS-2015-344",
      month         = "Apr",
      year          = "2015",
      reportNumber  = "ATL-COM-PHYS-2015-344",
      url           = "https://cds.cern.ch/record/2013274",
}

%%%%%%%%%%%%%%%%%%%
%%%%%%%%%%%%%%%%%%%
%%%%%% PDFs
%%%%%%%%%%%%%%%%%%%
%%%%%%%%%%%%%%%%%%%


@article{NewPartonD,
  title = {New parton distributions for collider physics},
  author = {Lai, Hung-Liang and Guzzi, Marco and Huston, Joey and Li, Zhao and Nadolsky, Pavel M. and Pumplin, Jon and Yuan, C.-P.},
  journal = {Phys. Rev. D},
  volume = {82},
  issue = {7},
  pages = {074024},
  numpages = {24},
  year = {2010},
  month = {Oct},
  publisher = {American Physical Society},
  doi = {10.1103/PhysRevD.82.074024},
  url = {https://link.aps.org/doi/10.1103/PhysRevD.82.074024}
}


%%%%%%%%%%%%%%%%%% PDG
@article{Agashe:2014kda,
      author         = "Olive, K. A. and others",
      title          = "{Review of Particle Physics}",
      collaboration  = "Particle Data Group",
      journal        = "Chin. Phys.",
      volume         = "C40",
      year           = "2016",
      pages          = "100001",
      doi            = "10.1088/1674-1137/40/10/100001",
      SLACcitation   = "%%CITATION = CHPHD,C40,100001;%%"
}

%%%%%%%%%%%%%%%%%%%% Averaging 

@Article{Aaron2009,
author="Aaron, F. D. et all",
collaboration="H1 Collaboration",
title="Measurement of the inclusive ep scattering cross section at low $Q^2$ and x at HERA",
journal="The European Physical Journal C",
year="2009",
volume="63",
number="4",
pages="625",
issn="1434-6052",
doi="10.1140/epjc/s10052-009-1128-6",
url="http://dx.doi.org/10.1140/epjc/s10052-009-1128-6"
}

%%%%%%%%%%%%%%%%%%% RMS error

@book {AdvStat,
  title = "The advanced theory of statistics",
  author = "{Kendall, Maurice, and Alan Stuart}",
  year = "1969",
  publisher = "London: Griffin"
}
  
%%%%%%%%%%%%%%%%%% LHC figures

@phdthesis{JetGoodson,
  author = "J.J.~Goodson",
  title  = "Search for Supersymmetry in States with Large Missing
            Transverse Momentum and Three Leptons including a Z-Boson",
  school = "Stony Brook University",
  month  = "May",
  year   = "2012",
  note   = "Presented 17 Apr 2012",
}

@inproceedings{ATLASDetectorPlot,
      author         = "Shank, James T.",
      title          = "{The ATLAS Detector: Status and Results from Cosmic
                        Rays}",
      booktitle      = "{Particles and fields. Proceedings, Meeting of the
                        Division of the American Physical Society, DPF 2009,
                        Detroit, USA, July 26-31, 2009}",
      url            = "https://inspirehep.net/record/834202/files/arXiv:0910.3081.pdf",
      year           = "2009",
      eprint         = "0910.3081",
      archivePrefix  = "arXiv",
      primaryClass   = "hep-ex",
      SLACcitation   = "%%CITATION = ARXIV:0910.3081;%%"
}

@misc{MC:ttHSketch,
author = {},
title = {MonteCarloGenerators ‚Äì Sherpa ‚Äì Hepforge},
howpublished = {\url{https://sherpa.hepforge.org/trac/wiki/MonteCarloGenerators}},
journal ={},
month = {},
year = {},
}

@article{AtlasPerf, 
      author         = "Aad, G. and others",
      title          = "{Expected Performance of the ATLAS Experiment - Detector,
                        Trigger and Physics}",
      collaboration  = "ATLAS",
      year           = "2009",
      eprint         = "0901.0512",
      archivePrefix  = "arXiv",
      primaryClass   = "hep-ex",
      reportNumber   = "SLAC-R-980, CERN-OPEN-2008-020",
      SLACcitation   = "%%CITATION = ARXIV:0901.0512;%%"
}

@article{Staco,
      author         = "Hassani, S. and Chevalier, L. and Lancon, E. and Laporte,
                        J. F. and Nicolaidou, R. and Ouraou, A.",
      title          = "{A muon identification and combined reconstruction
                        procedure for the ATLAS detector at the LHC using the
                        (MUONBOY, STACO, MuTag) reconstruction packages}",
      booktitle      = "{Frontier detectors for frontier physics. Proceedings,
                        10th Pisa Meeting on Advanced Detectors, La Biodola,
                        Italy, May 21-27, 2006}",
      journal        = "Nucl. Instrum. Meth.",
      volume         = "A572",
      year           = "2007",
      pages          = "77-79",
      doi            = "10.1016/j.nima.2006.10.340",
      SLACcitation   = "%%CITATION = NUIMA,A572,77;%%"
}

@article{Muid,
      author         = "Lagouri, Th and others",
      title          = "{A Muon Identification and Combined Reconstruction
                        Procedure for the ATLAS Detector at the LHC at CERN}",
      booktitle      = "{Room-temperature semiconductor detectors. Nuclear power
                        systems. Proceedings, Nuclear Science Symposium (NSS),
                        Workshop on Room-Temperature Semiconductor Detectors
                        (RTSD), Symposium on Nuclear Power Systems (SNPS):
                        Portland, USA, October 19-25, 2003}",
      journal        = "IEEE Trans. Nucl. Sci.",
      volume         = "51",
      year           = "2004",
      pages          = "3030-3033",
      doi            = "10.1109/TNS.2004.839102",
      reportNumber   = "ATL-CONF-2003-011",
      SLACcitation   = "%%CITATION = IETNA,51,3030;%%"
}

@techreport{Lampl:1099735,
      author        = "Lampl, W and Laplace, S and Lelas, D and Loch, P and Ma, H
                       and Menke, S and Rajagopalan, S and Rousseau, D and Snyder,
                       S and Unal, G",
      title         = "{Calorimeter Clustering Algorithms: Description and
                       Performance}",
      institution   = "CERN",
      address       = "Geneva",
      number        = "ATL-LARG-PUB-2008-002. ATL-COM-LARG-2008-003",
      month         = "Apr",
      year          = "2008",
      reportNumber  = "ATL-LARG-PUB-2008-002",
      url           = "https://cds.cern.ch/record/1099735",
}

@techreport{ATL-PHYS-PUB-2012-003,
      title         = "{Summary of ATLAS Pythia 8 tunes}",
      institution   = "CERN",
      address       = "Geneva",
      number        = "ATL-PHYS-PUB-2012-003",
      month         = "Aug",
      year          = "2012",
      reportNumber  = "ATL-PHYS-PUB-2012-003",
      url           = "https://cds.cern.ch/record/1474107",
}

@article{Pumplin2002,
  doi = {10.1088/1126-6708/2002/07/012},
  url = {https://doi.org/10.1088/1126-6708/2002/07/012},
  year  = {2002},
  month = {jul},
  publisher = {Springer Nature},
  volume = {2002},
  number = {07},
  pages = {012--012},
  author = {Jonathan Pumplin and Daniel Robert Stump and Joey Huston and Hung-Liang Lai and Pavel Nadolsky and Wu-Ki Tung},
  title = {New Generation of Parton Distributions with Uncertainties from Global {QCD} Analysis},
  journal = {Journal of High Energy Physics}
}

@techreport{ATL-PHYS-PUB-2010-014,
      title         = "{First tuning of HERWIG/JIMMY to ATLAS data}",
      institution   = "CERN",
      address       = "Geneva",
      number        = "ATL-PHYS-PUB-2010-014",
      month         = "Oct",
      year          = "2010",
      reportNumber  = "ATL-PHYS-PUB-2010-014",
      url           = "https://cds.cern.ch/record/1303025",
}

@article{a7TeV,
  doi = {10.1007/jhep12(2010)060},
  url = {https://doi.org/10.1007/jhep12(2010)060},
  year  = {2010},
  month = {dec},
  publisher = {Springer Nature},
  volume = {2010},
  number = {12},
  collaboration={ATLAS collaboration},
  title = {Measurement of the W $\rightarrow$ $\ell$$\upnu$ and Z/$\upgamma$ {\ast} $\rightarrow$ $\ell$$\ell$ production cross sections in proton-proton collisions at {\textdollar} {\textbackslash}sqrt $\lbrace$s$\rbrace$ = 7{\textbackslash}$\mathsemicolon$$\lbrace${\textbackslash}text$\lbrace${TeV}$\rbrace$$\rbrace$ {\textdollar} with the {ATLAS} detector},
  journal = {Journal of High Energy Physics}
}

@inproceedings{Dickinson1978,
  doi = {10.1109/cdc.1978.267934},
  url = {https://doi.org/10.1109/cdc.1978.267934},
  year  = {1978},
  month = {jan},
  publisher = {{IEEE}},
  author = {Bradly Dickinson},
  title = {Estimation of partial correlation matrices using cholesky decomposition},
  booktitle = {1978 {IEEE} Conference on Decision and Control including the 17th Symposium on Adaptive Processes}
}

@misc{PDFRew,
Author = {M. R. Whalley and D. Bourilkov and R. C. Group},
Title = {The Les Houches Accord PDFs (LHAPDF) and Lhaglue},
Year = {2005},
Eprint = {arXiv:hep-ph/0508110},
}
  